<?xml version='1.0' encoding='utf-8'?>
<record xmlns="http://www.loc.gov/MARC21/slim" xmlns:xsi="http://www.w3.org/2001/XMLSchema-instance">
  <leader>^^^^^nas^a22003017a^4500</leader>
  <controlfield tag="001">003121493</controlfield>
  <controlfield tag="005">20010611000000.0</controlfield>
  <controlfield tag="008">970225c19859999miuwr^pe^^^^^^0^^^a0eng^d</controlfield>
  <datafield tag="010" ind1=" " ind2=" ">
    <subfield code="a">sn 85000761</subfield>
  </datafield>
  <datafield tag="022" ind1="1" ind2=" ">
    <subfield code="a">0882-1992</subfield>
  </datafield>
  <datafield tag="032" ind1=" " ind2=" ">
    <subfield code="a">743370</subfield>
    <subfield code="b">USPS</subfield>
  </datafield>
  <datafield tag="035" ind1=" " ind2=" ">
    <subfield code="a">(OCoLC)ocm11793300</subfield>
  </datafield>
  <datafield tag="035" ind1=" " ind2=" ">
    <subfield code="a">sdr-umdb.b11736008</subfield>
  </datafield>
  <datafield tag="035" ind1=" " ind2=" ">
    <subfield code="a">MiU-BA.b1267280</subfield>
  </datafield>
  <datafield tag="040" ind1=" " ind2=" ">
    <subfield code="a">NSD</subfield>
    <subfield code="c">NSD</subfield>
    <subfield code="d">NST</subfield>
    <subfield code="d">OCL</subfield>
    <subfield code="d">BEU</subfield>
  </datafield>
  <datafield tag="042" ind1=" " ind2=" ">
    <subfield code="a">nsdp</subfield>
  </datafield>
  <datafield tag="222" ind1=" " ind2="0">
    <subfield code="a">Crain's Detroit business</subfield>
  </datafield>
  <datafield tag="245" ind1="0" ind2="0">
    <subfield code="a">Crain's Detroit business.</subfield>
  </datafield>
  <datafield tag="246" ind1="1" ind2="0">
    <subfield code="a">Detroit business</subfield>
  </datafield>
  <datafield tag="260" ind1=" " ind2=" ">
    <subfield code="a">[Detroit, MI] :</subfield>
    <subfield code="b">Crain Communications,</subfield>
    <subfield code="c">c1985-</subfield>
  </datafield>
  <datafield tag="300" ind1=" " ind2=" ">
    <subfield code="a">v. :</subfield>
    <subfield code="b">ill. ;</subfield>
    <subfield code="c">38 cm</subfield>
  </datafield>
  <datafield tag="310" ind1=" " ind2=" ">
    <subfield code="a">Weekly</subfield>
  </datafield>
  <datafield tag="362" ind1="0" ind2=" ">
    <subfield code="a">Vol. 1, no. 1 (week of Feb. 4-Feb. 10, 1985)-</subfield>
  </datafield>
  <datafield tag="500" ind1=" " ind2=" ">
    <subfield code="a">Title from caption.</subfield>
  </datafield>
  <datafield tag="651" ind1=" " ind2="0">
    <subfield code="a">Detroit Metropolitan Area (Mich.)</subfield>
    <subfield code="x">Commerce</subfield>
    <subfield code="v">Periodicals.</subfield>
  </datafield>
  <datafield tag="651" ind1=" " ind2="0">
    <subfield code="a">Detroit Metropolitan Area (Mich.)</subfield>
    <subfield code="x">Economic conditions</subfield>
    <subfield code="v">Periodicals.</subfield>
  </datafield>
  <datafield tag="710" ind1="2" ind2=" ">
    <subfield code="a">Crain Communications Inc.</subfield>
  </datafield>
  <datafield tag="852" ind1="8" ind2=" ">
    <subfield code="a">MiU-H</subfield>
    <subfield code="b">BENT</subfield>
    <subfield code="h">49005 Aa 2</subfield>
  </datafield>
  <datafield tag="997" ind1=" " ind2=" ">
    <subfield code="a">MARS</subfield>
  </datafield>
  <datafield tag="998" ind1=" " ind2=" ">
    <subfield code="c">KLS</subfield>
  </datafield>
  <datafield tag="955" ind1=" " ind2=" ">
    <subfield code="b">BENT</subfield>
    <subfield code="p">3121493-1060</subfield>
    <subfield code="z">v.22:no.1(2006:Jan. 02)</subfield>
  </datafield>
  <datafield tag="955" ind1=" " ind2=" ">
    <subfield code="b">BENT</subfield>
    <subfield code="p">3121493-1070</subfield>
    <subfield code="z">v.22:no.2(2006:Jan. 09)</subfield>
  </datafield>
  <datafield tag="955" ind1=" " ind2=" ">
    <subfield code="b">BENT</subfield>
    <subfield code="p">3121493-1080</subfield>
    <subfield code="z">v.22:no.3(2006:Jan. 16)</subfield>
  </datafield>
  <datafield tag="955" ind1=" " ind2=" ">
    <subfield code="b">BENT</subfield>
    <subfield code="p">3121493-1090</subfield>
    <subfield code="z">v.22:no.4(2006:Jan. 23)</subfield>
  </datafield>
  <datafield tag="955" ind1=" " ind2=" ">
    <subfield code="b">BENT</subfield>
    <subfield code="p">3121493-1100</subfield>
    <subfield code="z">v.22:no.5(2006:Jan. 30)</subfield>
  </datafield>
  <datafield tag="955" ind1=" " ind2=" ">
    <subfield code="b">BENT</subfield>
    <subfield code="p">3121493-1110</subfield>
    <subfield code="z">v.22:no.6(2006:Feb. 06)</subfield>
  </datafield>
  <datafield tag="955" ind1=" " ind2=" ">
    <subfield code="b">BENT</subfield>
    <subfield code="p">3121493-1120</subfield>
    <subfield code="z">v.22:no.7(2006:Feb. 13)</subfield>
  </datafield>
  <datafield tag="955" ind1=" " ind2=" ">
    <subfield code="b">BENT</subfield>
    <subfield code="p">3121493-1130</subfield>
    <subfield code="z">v.22:no.8(2006:Feb. 20)</subfield>
  </datafield>
  <datafield tag="955" ind1=" " ind2=" ">
    <subfield code="b">BENT</subfield>
    <subfield code="p">3121493-1140</subfield>
    <subfield code="z">v.22:no.9(2006:Feb. 27)</subfield>
  </datafield>
  <datafield tag="955" ind1=" " ind2=" ">
    <subfield code="b">BENT</subfield>
    <subfield code="p">3121493-1150</subfield>
    <subfield code="z">v.22:no.10(2006:Mar. 06)</subfield>
  </datafield>
  <datafield tag="955" ind1=" " ind2=" ">
    <subfield code="b">BENT</subfield>
    <subfield code="p">3121493-1160</subfield>
    <subfield code="z">v.22:no.11(2006:Mar. 13)</subfield>
  </datafield>
  <datafield tag="955" ind1=" " ind2=" ">
    <subfield code="b">BENT</subfield>
    <subfield code="p">3121493-1170</subfield>
    <subfield code="z">v.22:no.12(2006:Mar. 20)</subfield>
  </datafield>
  <datafield tag="955" ind1=" " ind2=" ">
    <subfield code="b">BENT</subfield>
    <subfield code="p">3121493-1180</subfield>
    <subfield code="z">v.22:no.13(2006:Mar. 27)</subfield>
  </datafield>
  <datafield tag="955" ind1=" " ind2=" ">
    <subfield code="b">BENT</subfield>
    <subfield code="p">3121493-1190</subfield>
    <subfield code="z">v.22:no.14(2006:April 03)</subfield>
  </datafield>
  <datafield tag="955" ind1=" " ind2=" ">
    <subfield code="b">BENT</subfield>
    <subfield code="p">3121493-1200</subfield>
    <subfield code="z">v.22:no.15(2006:April 10)</subfield>
  </datafield>
  <datafield tag="955" ind1=" " ind2=" ">
    <subfield code="b">BENT</subfield>
    <subfield code="p">3121493-1210</subfield>
    <subfield code="z">v.22:no.16(2006:April 17)</subfield>
  </datafield>
  <datafield tag="955" ind1=" " ind2=" ">
    <subfield code="b">BENT</subfield>
    <subfield code="p">3121493-1220</subfield>
    <subfield code="z">v.22:no.17(2006:April 24)</subfield>
  </datafield>
  <datafield tag="955" ind1=" " ind2=" ">
    <subfield code="b">BENT</subfield>
    <subfield code="p">3121493-1230</subfield>
    <subfield code="z">v.22:no.18(2006:May 01)</subfield>
  </datafield>
  <datafield tag="955" ind1=" " ind2=" ">
    <subfield code="b">BENT</subfield>
    <subfield code="p">3121493-1240</subfield>
    <subfield code="z">v.22:no.19(2006:May 08)</subfield>
  </datafield>
  <datafield tag="955" ind1=" " ind2=" ">
    <subfield code="b">BENT</subfield>
    <subfield code="p">3121493-1250</subfield>
    <subfield code="z">v.22:no.20(2006:May 15)</subfield>
  </datafield>
  <datafield tag="955" ind1=" " ind2=" ">
    <subfield code="b">BENT</subfield>
    <subfield code="p">3121493-1260</subfield>
    <subfield code="z">v.22:no.21(2006:May 22)</subfield>
  </datafield>
  <datafield tag="955" ind1=" " ind2=" ">
    <subfield code="b">BENT</subfield>
    <subfield code="p">3121493-1270</subfield>
    <subfield code="z">v.22:no.22(2006:May 29)</subfield>
  </datafield>
  <datafield tag="955" ind1=" " ind2=" ">
    <subfield code="b">BENT</subfield>
    <subfield code="p">3121493-1280</subfield>
    <subfield code="z">v.22:no.23(2006:Jun. 05)</subfield>
  </datafield>
  <datafield tag="955" ind1=" " ind2=" ">
    <subfield code="b">BENT</subfield>
    <subfield code="p">3121493-1290</subfield>
    <subfield code="z">v.22:no.24(2006:Jun. 12)</subfield>
  </datafield>
  <datafield tag="955" ind1=" " ind2=" ">
    <subfield code="b">BENT</subfield>
    <subfield code="p">3121493-130</subfield>
    <subfield code="z">v.20:no.12(2004:Mar. 22)</subfield>
  </datafield>
  <datafield tag="955" ind1=" " ind2=" ">
    <subfield code="b">BENT</subfield>
    <subfield code="p">3121493-1300</subfield>
    <subfield code="z">v.22:no.25(2006:Jun. 19)</subfield>
  </datafield>
  <datafield tag="955" ind1=" " ind2=" ">
    <subfield code="b">BENT</subfield>
    <subfield code="p">3121493-1310</subfield>
    <subfield code="z">v.22:no.26(2006:Jun. 26)</subfield>
  </datafield>
  <datafield tag="955" ind1=" " ind2=" ">
    <subfield code="b">BENT</subfield>
    <subfield code="p">3121493-1320</subfield>
    <subfield code="z">v.22:no.27(2006:Jul. 03)</subfield>
  </datafield>
  <datafield tag="955" ind1=" " ind2=" ">
    <subfield code="b">BENT</subfield>
    <subfield code="p">3121493-1330</subfield>
    <subfield code="z">v.22:no.28(2006:Jul. 10)</subfield>
  </datafield>
  <datafield tag="955" ind1=" " ind2=" ">
    <subfield code="b">BENT</subfield>
    <subfield code="p">3121493-1340</subfield>
    <subfield code="z">v.22:no.29(2006:Jul. 17)</subfield>
  </datafield>
  <datafield tag="955" ind1=" " ind2=" ">
    <subfield code="b">BENT</subfield>
    <subfield code="p">3121493-1350</subfield>
    <subfield code="z">v.22:no.30(2006:Jul. 24)</subfield>
  </datafield>
  <datafield tag="955" ind1=" " ind2=" ">
    <subfield code="b">BENT</subfield>
    <subfield code="p">3121493-1360</subfield>
    <subfield code="z">v.22:no.31(2006:Jul. 31)</subfield>
  </datafield>
  <datafield tag="955" ind1=" " ind2=" ">
    <subfield code="b">BENT</subfield>
    <subfield code="p">3121493-1370</subfield>
    <subfield code="z">v.22:no.32(2006:Aug. 07)</subfield>
  </datafield>
  <datafield tag="955" ind1=" " ind2=" ">
    <subfield code="b">BENT</subfield>
    <subfield code="p">3121493-1380</subfield>
    <subfield code="z">v.22:no.33(2006:Aug. 14)</subfield>
  </datafield>
  <datafield tag="955" ind1=" " ind2=" ">
    <subfield code="b">BENT</subfield>
    <subfield code="p">3121493-1390</subfield>
    <subfield code="z">v.22:no.34(2006:Aug. 21)</subfield>
  </datafield>
  <datafield tag="955" ind1=" " ind2=" ">
    <subfield code="b">BENT</subfield>
    <subfield code="p">3121493-1400</subfield>
    <subfield code="z">v.22:no.35(2006:Aug. 28)</subfield>
  </datafield>
  <datafield tag="955" ind1=" " ind2=" ">
    <subfield code="b">BENT</subfield>
    <subfield code="p">3121493-1410</subfield>
    <subfield code="z">v.22:no.36(2006:Sep. 04)</subfield>
  </datafield>
  <datafield tag="955" ind1=" " ind2=" ">
    <subfield code="b">BENT</subfield>
    <subfield code="p">3121493-1420</subfield>
    <subfield code="z">v.22:no.37(2006:Sep. 11)</subfield>
  </datafield>
  <datafield tag="955" ind1=" " ind2=" ">
    <subfield code="b">BENT</subfield>
    <subfield code="p">3121493-1430</subfield>
    <subfield code="z">v.22:no.38(2006:Sep. 18)</subfield>
  </datafield>
  <datafield tag="955" ind1=" " ind2=" ">
    <subfield code="b">BENT</subfield>
    <subfield code="p">3121493-1440</subfield>
    <subfield code="z">v.22:no.39(2006:Sep. 25)</subfield>
  </datafield>
  <datafield tag="955" ind1=" " ind2=" ">
    <subfield code="b">BENT</subfield>
    <subfield code="p">3121493-1450</subfield>
    <subfield code="z">v.22:no.40(2006:Oct. 02)</subfield>
  </datafield>
  <datafield tag="955" ind1=" " ind2=" ">
    <subfield code="b">BENT</subfield>
    <subfield code="p">3121493-1460</subfield>
    <subfield code="z">v.22:no.41(2006:Oct. 09)</subfield>
  </datafield>
  <datafield tag="955" ind1=" " ind2=" ">
    <subfield code="b">BENT</subfield>
    <subfield code="p">3121493-1470</subfield>
    <subfield code="z">v.22:no.42(2006:Oct. 16)</subfield>
  </datafield>
  <datafield tag="955" ind1=" " ind2=" ">
    <subfield code="b">BENT</subfield>
    <subfield code="p">3121493-1480</subfield>
    <subfield code="z">v.22:no.43(2006:Oct. 23)</subfield>
  </datafield>
  <datafield tag="955" ind1=" " ind2=" ">
    <subfield code="b">BENT</subfield>
    <subfield code="p">3121493-1490</subfield>
    <subfield code="z">v.22:no.44(2006:Oct. 30)</subfield>
  </datafield>
  <datafield tag="955" ind1=" " ind2=" ">
    <subfield code="b">BENT</subfield>
    <subfield code="p">3121493-1500</subfield>
    <subfield code="z">v.22:no.45(2006:Nov. 06)</subfield>
  </datafield>
  <datafield tag="955" ind1=" " ind2=" ">
    <subfield code="b">BENT</subfield>
    <subfield code="p">3121493-1510</subfield>
    <subfield code="z">v.22:no.46(2006:Nov. 13)</subfield>
  </datafield>
  <datafield tag="955" ind1=" " ind2=" ">
    <subfield code="b">BENT</subfield>
    <subfield code="p">3121493-1520</subfield>
    <subfield code="z">v.22:no.47(2006:Nov. 20)</subfield>
  </datafield>
  <datafield tag="955" ind1=" " ind2=" ">
    <subfield code="b">BENT</subfield>
    <subfield code="p">3121493-1530</subfield>
    <subfield code="z">v.22:no.48(2006:Nov. 27)</subfield>
  </datafield>
  <datafield tag="955" ind1=" " ind2=" ">
    <subfield code="b">BENT</subfield>
    <subfield code="p">3121493-1540</subfield>
    <subfield code="z">v.22:no.49(2006:Dec. 04)</subfield>
  </datafield>
  <datafield tag="955" ind1=" " ind2=" ">
    <subfield code="b">BENT</subfield>
    <subfield code="p">3121493-1550</subfield>
    <subfield code="z">v.22:no.50(2006:Dec. 11)</subfield>
  </datafield>
  <datafield tag="955" ind1=" " ind2=" ">
    <subfield code="b">BENT</subfield>
    <subfield code="p">3121493-1560</subfield>
    <subfield code="z">v.22:no.51(2006:Dec. 18)</subfield>
  </datafield>
  <datafield tag="955" ind1=" " ind2=" ">
    <subfield code="b">BENT</subfield>
    <subfield code="p">3121493-1570</subfield>
    <subfield code="z">v.22:no.52(2006:Dec. 25)</subfield>
  </datafield>
  <datafield tag="955" ind1=" " ind2=" ">
    <subfield code="b">BENT</subfield>
    <subfield code="p">3121493-1650</subfield>
    <subfield code="z">v.23:no.1(2007:Jan. 01)</subfield>
  </datafield>
  <datafield tag="955" ind1=" " ind2=" ">
    <subfield code="b">BENT</subfield>
    <subfield code="p">3121493-1660</subfield>
    <subfield code="z">v.23:no.2(2007:Jan. 08)</subfield>
  </datafield>
  <datafield tag="955" ind1=" " ind2=" ">
    <subfield code="b">BENT</subfield>
    <subfield code="p">3121493-1670</subfield>
    <subfield code="z">v.23:no.3(2007:Jan. 15)</subfield>
  </datafield>
  <datafield tag="955" ind1=" " ind2=" ">
    <subfield code="b">BENT</subfield>
    <subfield code="p">3121493-1680</subfield>
    <subfield code="z">v.23:no.4(2007:Jan. 22)</subfield>
  </datafield>
  <datafield tag="955" ind1=" " ind2=" ">
    <subfield code="b">BENT</subfield>
    <subfield code="p">3121493-1690</subfield>
    <subfield code="z">v.23:no.5(2007:Jan. 29)</subfield>
  </datafield>
  <datafield tag="955" ind1=" " ind2=" ">
    <subfield code="b">BENT</subfield>
    <subfield code="p">3121493-1700</subfield>
    <subfield code="z">v.23:no.6(2007:Feb. 05)</subfield>
  </datafield>
  <datafield tag="955" ind1=" " ind2=" ">
    <subfield code="b">BENT</subfield>
    <subfield code="p">3121493-1710</subfield>
    <subfield code="z">v.23:no.7(2007:Feb. 12)</subfield>
  </datafield>
  <datafield tag="955" ind1=" " ind2=" ">
    <subfield code="b">BENT</subfield>
    <subfield code="p">3121493-1720</subfield>
    <subfield code="z">v.23:no.8(2007:Feb. 19)</subfield>
  </datafield>
  <datafield tag="955" ind1=" " ind2=" ">
    <subfield code="b">BENT</subfield>
    <subfield code="p">3121493-1730</subfield>
    <subfield code="z">v.23:no.9(2007:Feb. 26)</subfield>
  </datafield>
  <datafield tag="955" ind1=" " ind2=" ">
    <subfield code="b">BENT</subfield>
    <subfield code="p">3121493-1740</subfield>
    <subfield code="z">v.23:no.10(2007:Mar. 05)</subfield>
  </datafield>
  <datafield tag="955" ind1=" " ind2=" ">
    <subfield code="b">BENT</subfield>
    <subfield code="p">3121493-1750</subfield>
    <subfield code="z">v.23:no.11(2007:Mar. 12)</subfield>
  </datafield>
  <datafield tag="955" ind1=" " ind2=" ">
    <subfield code="b">BENT</subfield>
    <subfield code="p">3121493-1760</subfield>
    <subfield code="z">v.23:no.12(2007:Mar. 19)</subfield>
  </datafield>
  <datafield tag="955" ind1=" " ind2=" ">
    <subfield code="b">BENT</subfield>
    <subfield code="p">3121493-1770</subfield>
    <subfield code="z">v.23:no.13(2007:Mar. 26)</subfield>
  </datafield>
  <datafield tag="955" ind1=" " ind2=" ">
    <subfield code="b">BENT</subfield>
    <subfield code="p">3121493-1780</subfield>
    <subfield code="z">v.23:no.14(2007:April 02)</subfield>
  </datafield>
  <datafield tag="955" ind1=" " ind2=" ">
    <subfield code="b">BENT</subfield>
    <subfield code="p">3121493-1790</subfield>
    <subfield code="z">v.23:no.15(2007:April 09)</subfield>
  </datafield>
  <datafield tag="955" ind1=" " ind2=" ">
    <subfield code="b">BENT</subfield>
    <subfield code="p">3121493-1800</subfield>
    <subfield code="z">v.23:no.16(2007:April 16)</subfield>
  </datafield>
  <datafield tag="955" ind1=" " ind2=" ">
    <subfield code="b">BENT</subfield>
    <subfield code="p">3121493-1810</subfield>
    <subfield code="z">v.23:no.17(2007:April 23)</subfield>
  </datafield>
  <datafield tag="955" ind1=" " ind2=" ">
    <subfield code="b">BENT</subfield>
    <subfield code="p">3121493-1820</subfield>
    <subfield code="z">v.23:no.18(2007:April 30)</subfield>
  </datafield>
  <datafield tag="955" ind1=" " ind2=" ">
    <subfield code="b">BENT</subfield>
    <subfield code="p">3121493-1830</subfield>
    <subfield code="z">v.23:no.19(2007:May 07)</subfield>
  </datafield>
  <datafield tag="955" ind1=" " ind2=" ">
    <subfield code="b">BENT</subfield>
    <subfield code="p">3121493-1840</subfield>
    <subfield code="z">v.23:no.20(2007:May 14)</subfield>
  </datafield>
  <datafield tag="955" ind1=" " ind2=" ">
    <subfield code="b">BENT</subfield>
    <subfield code="p">3121493-1850</subfield>
    <subfield code="z">v.23:no.21(2007:May 21)</subfield>
  </datafield>
  <datafield tag="955" ind1=" " ind2=" ">
    <subfield code="b">BENT</subfield>
    <subfield code="p">3121493-1860</subfield>
    <subfield code="z">v.23:no.22(2007:May 28)</subfield>
  </datafield>
  <datafield tag="955" ind1=" " ind2=" ">
    <subfield code="b">BENT</subfield>
    <subfield code="p">3121493-1870</subfield>
    <subfield code="z">v.23:no.23(2007:Jun. 04)</subfield>
  </datafield>
  <datafield tag="955" ind1=" " ind2=" ">
    <subfield code="b">BENT</subfield>
    <subfield code="p">3121493-1880</subfield>
    <subfield code="z">v.23:no.24(2007:Jun. 11)</subfield>
  </datafield>
  <datafield tag="955" ind1=" " ind2=" ">
    <subfield code="b">BENT</subfield>
    <subfield code="p">3121493-1890</subfield>
    <subfield code="z">v.23:no.25(2007:Jun. 18)</subfield>
  </datafield>
  <datafield tag="955" ind1=" " ind2=" ">
    <subfield code="b">BENT</subfield>
    <subfield code="p">3121493-1900</subfield>
    <subfield code="z">v.23:no.26(2007:Jun. 25)</subfield>
  </datafield>
  <datafield tag="955" ind1=" " ind2=" ">
    <subfield code="b">BENT</subfield>
    <subfield code="p">3121493-1910</subfield>
    <subfield code="z">v.23:no.27(2007:Jul. 02)</subfield>
  </datafield>
  <datafield tag="955" ind1=" " ind2=" ">
    <subfield code="b">BENT</subfield>
    <subfield code="p">3121493-1920</subfield>
    <subfield code="z">v.23:no.28(2007:Jul. 09)</subfield>
  </datafield>
  <datafield tag="955" ind1=" " ind2=" ">
    <subfield code="b">BENT</subfield>
    <subfield code="p">3121493-1930</subfield>
    <subfield code="z">v.23:no.29(2007:Jul. 16)</subfield>
  </datafield>
  <datafield tag="955" ind1=" " ind2=" ">
    <subfield code="b">BENT</subfield>
    <subfield code="p">3121493-1940</subfield>
    <subfield code="z">v.23:no.30(2007:Jul. 23)</subfield>
  </datafield>
  <datafield tag="955" ind1=" " ind2=" ">
    <subfield code="b">BENT</subfield>
    <subfield code="p">3121493-1950</subfield>
    <subfield code="z">v.23:no.31(2007:Jul. 30)</subfield>
  </datafield>
  <datafield tag="955" ind1=" " ind2=" ">
    <subfield code="b">BENT</subfield>
    <subfield code="p">3121493-1960</subfield>
    <subfield code="z">v.23:no.32(2007:Aug. 06)</subfield>
  </datafield>
  <datafield tag="955" ind1=" " ind2=" ">
    <subfield code="b">BENT</subfield>
    <subfield code="p">3121493-1970</subfield>
    <subfield code="z">v.23:no.33(2007:Aug. 13)</subfield>
  </datafield>
  <datafield tag="955" ind1=" " ind2=" ">
    <subfield code="b">BENT</subfield>
    <subfield code="p">3121493-1980</subfield>
    <subfield code="z">v.23:no.34(2007:Aug. 20)</subfield>
  </datafield>
  <datafield tag="955" ind1=" " ind2=" ">
    <subfield code="b">BENT</subfield>
    <subfield code="p">3121493-1990</subfield>
    <subfield code="z">v.23:no.35(2007:Aug. 27)</subfield>
  </datafield>
  <datafield tag="955" ind1=" " ind2=" ">
    <subfield code="b">BENT</subfield>
    <subfield code="p">3121493-2000</subfield>
    <subfield code="z">v.23:no.36(2007:Sep. 03)</subfield>
  </datafield>
  <datafield tag="955" ind1=" " ind2=" ">
    <subfield code="b">BENT</subfield>
    <subfield code="p">3121493-2010</subfield>
    <subfield code="z">v.23:no.37(2007:Sep. 10)</subfield>
  </datafield>
  <datafield tag="955" ind1=" " ind2=" ">
    <subfield code="b">BENT</subfield>
    <subfield code="p">3121493-2020</subfield>
    <subfield code="z">v.23:no.38(2007:Sep. 17)</subfield>
  </datafield>
  <datafield tag="955" ind1=" " ind2=" ">
    <subfield code="b">BENT</subfield>
    <subfield code="p">3121493-2030</subfield>
    <subfield code="z">v.23:no.39(2007:Sep. 24)</subfield>
  </datafield>
  <datafield tag="955" ind1=" " ind2=" ">
    <subfield code="b">BENT</subfield>
    <subfield code="p">3121493-2040</subfield>
    <subfield code="z">v.23:no.40(2007:Oct. 01)</subfield>
  </datafield>
  <datafield tag="955" ind1=" " ind2=" ">
    <subfield code="b">BENT</subfield>
    <subfield code="p">3121493-2050</subfield>
    <subfield code="z">v.23:no.41(2007:Oct. 08)</subfield>
  </datafield>
  <datafield tag="955" ind1=" " ind2=" ">
    <subfield code="b">BENT</subfield>
    <subfield code="p">3121493-2060</subfield>
    <subfield code="z">v.23:no.42(2007:Oct. 15)</subfield>
  </datafield>
  <datafield tag="955" ind1=" " ind2=" ">
    <subfield code="b">BENT</subfield>
    <subfield code="p">3121493-2070</subfield>
    <subfield code="z">v.23:no.43(2007:Oct. 22)</subfield>
  </datafield>
  <datafield tag="955" ind1=" " ind2=" ">
    <subfield code="b">BENT</subfield>
    <subfield code="p">3121493-2080</subfield>
    <subfield code="z">v.23:no.44(2007:Oct. 29)</subfield>
  </datafield>
  <datafield tag="955" ind1=" " ind2=" ">
    <subfield code="b">BENT</subfield>
    <subfield code="p">3121493-2090</subfield>
    <subfield code="z">v.23:no.45(2007:Nov. 05)</subfield>
  </datafield>
  <datafield tag="955" ind1=" " ind2=" ">
    <subfield code="b">BENT</subfield>
    <subfield code="p">3121493-2100</subfield>
    <subfield code="z">v.23:no.46(2007:Nov. 12)</subfield>
  </datafield>
  <datafield tag="955" ind1=" " ind2=" ">
    <subfield code="b">BENT</subfield>
    <subfield code="p">3121493-2110</subfield>
    <subfield code="z">v.23:no.47(2007:Nov. 19)</subfield>
  </datafield>
  <datafield tag="955" ind1=" " ind2=" ">
    <subfield code="b">BENT</subfield>
    <subfield code="p">3121493-2120</subfield>
    <subfield code="z">v.23:no.48(2007:Nov. 26)</subfield>
  </datafield>
  <datafield tag="955" ind1=" " ind2=" ">
    <subfield code="b">BENT</subfield>
    <subfield code="p">3121493-2130</subfield>
    <subfield code="z">v.23:no.49(2007:Dec. 03)</subfield>
  </datafield>
  <datafield tag="955" ind1=" " ind2=" ">
    <subfield code="b">BENT</subfield>
    <subfield code="p">3121493-2140</subfield>
    <subfield code="z">v.23:no.50(2007:Dec. 10)</subfield>
  </datafield>
  <datafield tag="955" ind1=" " ind2=" ">
    <subfield code="b">BENT</subfield>
    <subfield code="p">3121493-2150</subfield>
    <subfield code="z">v.23:no.51(2007:Dec. 17)</subfield>
  </datafield>
  <datafield tag="955" ind1=" " ind2=" ">
    <subfield code="b">BENT</subfield>
    <subfield code="p">3121493-2160</subfield>
    <subfield code="z">v.23:no.52(2007:Dec. 24)</subfield>
  </datafield>
  <datafield tag="955" ind1=" " ind2=" ">
    <subfield code="b">BENT</subfield>
    <subfield code="p">3121493-2170</subfield>
    <subfield code="z">v.23:no.53(2007:Dec. 31)</subfield>
  </datafield>
  <datafield tag="955" ind1=" " ind2=" ">
    <subfield code="b">BENT</subfield>
    <subfield code="p">3121493-2190</subfield>
    <subfield code="z">v.24:no.1(2008:Jan. 07)</subfield>
  </datafield>
  <datafield tag="955" ind1=" " ind2=" ">
    <subfield code="b">BENT</subfield>
    <subfield code="p">3121493-2200</subfield>
    <subfield code="z">v.24:no.2(2008:Jan. 14)</subfield>
  </datafield>
  <datafield tag="955" ind1=" " ind2=" ">
    <subfield code="b">BENT</subfield>
    <subfield code="p">3121493-2210</subfield>
    <subfield code="z">v.24:no.3(2008:Jan. 21)</subfield>
  </datafield>
  <datafield tag="955" ind1=" " ind2=" ">
    <subfield code="b">BENT</subfield>
    <subfield code="p">3121493-2220</subfield>
    <subfield code="z">v.24:no.4(2008:Jan. 28)</subfield>
  </datafield>
  <datafield tag="955" ind1=" " ind2=" ">
    <subfield code="b">BENT</subfield>
    <subfield code="p">3121493-2230</subfield>
    <subfield code="z">v.24:no.5(2008:Feb. 04)</subfield>
  </datafield>
  <datafield tag="955" ind1=" " ind2=" ">
    <subfield code="b">BENT</subfield>
    <subfield code="p">3121493-2240</subfield>
    <subfield code="z">v.24:no.6(2008:Feb. 11)</subfield>
  </datafield>
  <datafield tag="955" ind1=" " ind2=" ">
    <subfield code="b">BENT</subfield>
    <subfield code="p">3121493-2250</subfield>
    <subfield code="z">v.24:no.7(2008:Feb. 18)</subfield>
  </datafield>
  <datafield tag="955" ind1=" " ind2=" ">
    <subfield code="b">BENT</subfield>
    <subfield code="p">3121493-2260</subfield>
    <subfield code="z">v.24:no.8(2008:Feb. 25)</subfield>
  </datafield>
  <datafield tag="955" ind1=" " ind2=" ">
    <subfield code="b">BENT</subfield>
    <subfield code="p">3121493-2270</subfield>
    <subfield code="z">v.24:no.9(2008:Mar. 03)</subfield>
  </datafield>
  <datafield tag="955" ind1=" " ind2=" ">
    <subfield code="b">BENT</subfield>
    <subfield code="p">3121493-2280</subfield>
    <subfield code="z">v.24:no.10(2008:Mar. 10)</subfield>
  </datafield>
  <datafield tag="955" ind1=" " ind2=" ">
    <subfield code="b">BENT</subfield>
    <subfield code="p">3121493-2290</subfield>
    <subfield code="z">v.24:no.11(2008:Mar. 17)</subfield>
  </datafield>
  <datafield tag="955" ind1=" " ind2=" ">
    <subfield code="b">BENT</subfield>
    <subfield code="p">3121493-2300</subfield>
    <subfield code="z">v.24:no.12(2008:Mar. 24)</subfield>
  </datafield>
  <datafield tag="955" ind1=" " ind2=" ">
    <subfield code="b">BENT</subfield>
    <subfield code="p">3121493-2310</subfield>
    <subfield code="z">v.24:no.13(2008:Mar. 31)</subfield>
  </datafield>
  <datafield tag="955" ind1=" " ind2=" ">
    <subfield code="b">BENT</subfield>
    <subfield code="p">3121493-2320</subfield>
    <subfield code="z">v.24:no.14(2008:April 07)</subfield>
  </datafield>
  <datafield tag="955" ind1=" " ind2=" ">
    <subfield code="b">BENT</subfield>
    <subfield code="p">3121493-2330</subfield>
    <subfield code="z">v.24:no.15(2008:April 14)</subfield>
  </datafield>
  <datafield tag="955" ind1=" " ind2=" ">
    <subfield code="b">BENT</subfield>
    <subfield code="p">3121493-2340</subfield>
    <subfield code="z">v.24:no.16(2008:April 21)</subfield>
  </datafield>
  <datafield tag="955" ind1=" " ind2=" ">
    <subfield code="b">BENT</subfield>
    <subfield code="p">3121493-2350</subfield>
    <subfield code="z">v.24:no.17(2008:April 28)</subfield>
  </datafield>
  <datafield tag="955" ind1=" " ind2=" ">
    <subfield code="b">BENT</subfield>
    <subfield code="p">3121493-2360</subfield>
    <subfield code="z">v.24:no.18(2008:May 05)</subfield>
  </datafield>
  <datafield tag="955" ind1=" " ind2=" ">
    <subfield code="b">BENT</subfield>
    <subfield code="p">3121493-2370</subfield>
    <subfield code="z">v.24:no.19(2008:May 12)</subfield>
  </datafield>
  <datafield tag="955" ind1=" " ind2=" ">
    <subfield code="b">BENT</subfield>
    <subfield code="p">3121493-2380</subfield>
    <subfield code="z">v.24:no.20(2008:May 19)</subfield>
  </datafield>
  <datafield tag="955" ind1=" " ind2=" ">
    <subfield code="b">BENT</subfield>
    <subfield code="p">3121493-2390</subfield>
    <subfield code="z">v.24:no.21(2008:May 26)</subfield>
  </datafield>
  <datafield tag="955" ind1=" " ind2=" ">
    <subfield code="b">BENT</subfield>
    <subfield code="p">3121493-2400</subfield>
    <subfield code="z">v.24:no.22(2008:Jun. 02)</subfield>
  </datafield>
  <datafield tag="955" ind1=" " ind2=" ">
    <subfield code="b">BENT</subfield>
    <subfield code="p">3121493-2410</subfield>
    <subfield code="z">v.24:no.23(2008:Jun. 09)</subfield>
  </datafield>
  <datafield tag="955" ind1=" " ind2=" ">
    <subfield code="b">BENT</subfield>
    <subfield code="p">3121493-2420</subfield>
    <subfield code="z">v.24:no.24(2008:Jun. 16)</subfield>
  </datafield>
  <datafield tag="955" ind1=" " ind2=" ">
    <subfield code="b">BENT</subfield>
    <subfield code="p">3121493-2430</subfield>
    <subfield code="z">v.24:no.25(2008:Jun. 23)</subfield>
  </datafield>
  <datafield tag="955" ind1=" " ind2=" ">
    <subfield code="b">BENT</subfield>
    <subfield code="p">3121493-2440</subfield>
    <subfield code="z">v.24:no.26(2008:Jun. 30)</subfield>
  </datafield>
  <datafield tag="955" ind1=" " ind2=" ">
    <subfield code="b">BENT</subfield>
    <subfield code="p">3121493-2450</subfield>
    <subfield code="z">v.24:no.27(2008:Jul. 07)</subfield>
  </datafield>
  <datafield tag="955" ind1=" " ind2=" ">
    <subfield code="b">BENT</subfield>
    <subfield code="p">3121493-2460</subfield>
    <subfield code="z">v.24:no.28(2008:Jul. 14)</subfield>
  </datafield>
  <datafield tag="955" ind1=" " ind2=" ">
    <subfield code="b">BENT</subfield>
    <subfield code="p">3121493-2470</subfield>
    <subfield code="z">v.24:no.29(2008:Jul. 21)</subfield>
  </datafield>
  <datafield tag="955" ind1=" " ind2=" ">
    <subfield code="b">BENT</subfield>
    <subfield code="p">3121493-2480</subfield>
    <subfield code="z">v.24:no.30(2008:Jul. 28)</subfield>
  </datafield>
  <datafield tag="955" ind1=" " ind2=" ">
    <subfield code="b">BENT</subfield>
    <subfield code="p">3121493-2490</subfield>
    <subfield code="z">v.24:no.31(2008:Aug. 04)</subfield>
  </datafield>
  <datafield tag="955" ind1=" " ind2=" ">
    <subfield code="b">BENT</subfield>
    <subfield code="p">3121493-2500</subfield>
    <subfield code="z">v.24:no.32(2008:Aug. 11)</subfield>
  </datafield>
  <datafield tag="955" ind1=" " ind2=" ">
    <subfield code="b">BENT</subfield>
    <subfield code="p">3121493-2510</subfield>
    <subfield code="z">v.24:no.33(2008:Aug. 18)</subfield>
  </datafield>
  <datafield tag="955" ind1=" " ind2=" ">
    <subfield code="b">BENT</subfield>
    <subfield code="p">3121493-2520</subfield>
    <subfield code="z">v.24:no.34(2008:Aug. 25)</subfield>
  </datafield>
  <datafield tag="955" ind1=" " ind2=" ">
    <subfield code="b">BENT</subfield>
    <subfield code="p">3121493-2530</subfield>
    <subfield code="z">v.24:no.35(2008:Sep. 01)</subfield>
  </datafield>
  <datafield tag="955" ind1=" " ind2=" ">
    <subfield code="b">BENT</subfield>
    <subfield code="p">3121493-2540</subfield>
    <subfield code="z">v.24:no.36(2008:Sep. 08)</subfield>
  </datafield>
  <datafield tag="955" ind1=" " ind2=" ">
    <subfield code="b">BENT</subfield>
    <subfield code="p">3121493-2550</subfield>
    <subfield code="z">v.24:no.37(2008:Sep. 15)</subfield>
  </datafield>
  <datafield tag="955" ind1=" " ind2=" ">
    <subfield code="b">BENT</subfield>
    <subfield code="p">3121493-2560</subfield>
    <subfield code="z">v.24:no.38(2008:Sep. 22)</subfield>
  </datafield>
  <datafield tag="955" ind1=" " ind2=" ">
    <subfield code="b">BENT</subfield>
    <subfield code="p">3121493-2570</subfield>
    <subfield code="z">v.24:no.39(2008:Sep. 29)</subfield>
  </datafield>
  <datafield tag="955" ind1=" " ind2=" ">
    <subfield code="b">BENT</subfield>
    <subfield code="p">3121493-2580</subfield>
    <subfield code="z">v.24:no.40(2008:Oct. 06)</subfield>
  </datafield>
  <datafield tag="955" ind1=" " ind2=" ">
    <subfield code="b">BENT</subfield>
    <subfield code="p">3121493-2590</subfield>
    <subfield code="z">v.24:no.41(2008:Oct. 13)</subfield>
  </datafield>
  <datafield tag="955" ind1=" " ind2=" ">
    <subfield code="b">BENT</subfield>
    <subfield code="p">3121493-2600</subfield>
    <subfield code="z">v.24:no.42(2008:Oct. 20)</subfield>
  </datafield>
  <datafield tag="955" ind1=" " ind2=" ">
    <subfield code="b">BENT</subfield>
    <subfield code="p">3121493-2610</subfield>
    <subfield code="z">v.24:no.43(2008:Oct. 27)</subfield>
  </datafield>
  <datafield tag="955" ind1=" " ind2=" ">
    <subfield code="b">BENT</subfield>
    <subfield code="p">3121493-2620</subfield>
    <subfield code="z">v.24:no.44(2008:Nov. 03)</subfield>
  </datafield>
  <datafield tag="955" ind1=" " ind2=" ">
    <subfield code="b">BENT</subfield>
    <subfield code="p">3121493-2630</subfield>
    <subfield code="z">v.24:no.45(2008:Nov. 10)</subfield>
  </datafield>
  <datafield tag="955" ind1=" " ind2=" ">
    <subfield code="b">BENT</subfield>
    <subfield code="p">3121493-2640</subfield>
    <subfield code="z">v.24:no.46(2008:Nov. 17)</subfield>
  </datafield>
  <datafield tag="955" ind1=" " ind2=" ">
    <subfield code="b">BENT</subfield>
    <subfield code="p">3121493-2650</subfield>
    <subfield code="z">v.24:no.47(2008:Nov. 24)</subfield>
  </datafield>
  <datafield tag="955" ind1=" " ind2=" ">
    <subfield code="b">BENT</subfield>
    <subfield code="p">3121493-2660</subfield>
    <subfield code="z">v.24:no.48(2008:Dec. 01)</subfield>
  </datafield>
  <datafield tag="955" ind1=" " ind2=" ">
    <subfield code="b">BENT</subfield>
    <subfield code="p">3121493-2670</subfield>
    <subfield code="z">v.24:no.49(2008:Dec. 08)</subfield>
  </datafield>
  <datafield tag="955" ind1=" " ind2=" ">
    <subfield code="b">BENT</subfield>
    <subfield code="p">3121493-2680</subfield>
    <subfield code="z">v.24:no.50(2008:Dec. 15)</subfield>
  </datafield>
  <datafield tag="955" ind1=" " ind2=" ">
    <subfield code="b">BENT</subfield>
    <subfield code="p">3121493-2690</subfield>
    <subfield code="z">v.24:no.51(2008:Dec. 22)</subfield>
  </datafield>
  <datafield tag="955" ind1=" " ind2=" ">
    <subfield code="b">BENT</subfield>
    <subfield code="p">3121493-2700</subfield>
    <subfield code="z">v.24:no.52(2008:Dec. 29)</subfield>
  </datafield>
  <datafield tag="955" ind1=" " ind2=" ">
    <subfield code="b">BENT</subfield>
    <subfield code="p">3121493-2720</subfield>
    <subfield code="z">v.25:no.1(2009:Jan. 05)</subfield>
  </datafield>
  <datafield tag="955" ind1=" " ind2=" ">
    <subfield code="b">BENT</subfield>
    <subfield code="p">3121493-2730</subfield>
    <subfield code="z">v.25:no.2(2009:Jan. 12)</subfield>
  </datafield>
  <datafield tag="955" ind1=" " ind2=" ">
    <subfield code="b">BENT</subfield>
    <subfield code="p">3121493-2740</subfield>
    <subfield code="z">v.25:no.3(2009:Jan. 19)</subfield>
  </datafield>
  <datafield tag="955" ind1=" " ind2=" ">
    <subfield code="b">BENT</subfield>
    <subfield code="p">3121493-2750</subfield>
    <subfield code="z">v.25:no.4(2009:Jan. 26)</subfield>
  </datafield>
  <datafield tag="955" ind1=" " ind2=" ">
    <subfield code="b">BENT</subfield>
    <subfield code="p">3121493-2760</subfield>
    <subfield code="z">v.25:no.5(2009:Feb. 02)</subfield>
  </datafield>
  <datafield tag="955" ind1=" " ind2=" ">
    <subfield code="b">BENT</subfield>
    <subfield code="p">3121493-2770</subfield>
    <subfield code="z">v.25:no.6(2009:Feb. 09)</subfield>
  </datafield>
  <datafield tag="955" ind1=" " ind2=" ">
    <subfield code="b">BENT</subfield>
    <subfield code="p">3121493-2780</subfield>
    <subfield code="z">v.25:no.7(2009:Feb. 16)</subfield>
  </datafield>
  <datafield tag="955" ind1=" " ind2=" ">
    <subfield code="b">BENT</subfield>
    <subfield code="p">3121493-2790</subfield>
    <subfield code="z">v.25:no.8(2009:Feb. 23)</subfield>
  </datafield>
  <datafield tag="955" ind1=" " ind2=" ">
    <subfield code="b">BENT</subfield>
    <subfield code="p">3121493-2800</subfield>
    <subfield code="z">v.25:no.9(2009:Mar. 02)</subfield>
  </datafield>
  <datafield tag="955" ind1=" " ind2=" ">
    <subfield code="b">BENT</subfield>
    <subfield code="p">3121493-2810</subfield>
    <subfield code="z">v.25:no.10(2009:Mar. 09)</subfield>
  </datafield>
  <datafield tag="955" ind1=" " ind2=" ">
    <subfield code="b">BENT</subfield>
    <subfield code="p">3121493-2820</subfield>
    <subfield code="z">v.25:no.11(2009:Mar. 16)</subfield>
  </datafield>
  <datafield tag="955" ind1=" " ind2=" ">
    <subfield code="b">BENT</subfield>
    <subfield code="p">3121493-2830</subfield>
    <subfield code="z">v.25:no.12(2009:Mar. 23)</subfield>
  </datafield>
  <datafield tag="955" ind1=" " ind2=" ">
    <subfield code="b">BENT</subfield>
    <subfield code="p">3121493-2840</subfield>
    <subfield code="z">v.25:no.13(2009:Mar. 30)</subfield>
  </datafield>
  <datafield tag="955" ind1=" " ind2=" ">
    <subfield code="b">BENT</subfield>
    <subfield code="p">3121493-2850</subfield>
    <subfield code="z">v.25:no.14(2009:April 06)</subfield>
  </datafield>
  <datafield tag="955" ind1=" " ind2=" ">
    <subfield code="b">BENT</subfield>
    <subfield code="p">3121493-2860</subfield>
    <subfield code="z">v.25:no.15(2009:April 13)</subfield>
  </datafield>
  <datafield tag="955" ind1=" " ind2=" ">
    <subfield code="b">BENT</subfield>
    <subfield code="p">3121493-2870</subfield>
    <subfield code="z">v.25:no.16(2009:April 20)</subfield>
  </datafield>
  <datafield tag="955" ind1=" " ind2=" ">
    <subfield code="b">BENT</subfield>
    <subfield code="p">3121493-2880</subfield>
    <subfield code="z">v.25:no.17(2009:April 27)</subfield>
  </datafield>
  <datafield tag="955" ind1=" " ind2=" ">
    <subfield code="b">BENT</subfield>
    <subfield code="p">3121493-2890</subfield>
    <subfield code="z">v.25:no.18(2009:May 04)</subfield>
  </datafield>
  <datafield tag="955" ind1=" " ind2=" ">
    <subfield code="b">BENT</subfield>
    <subfield code="p">3121493-2900</subfield>
    <subfield code="z">v.25:no.19(2009:May 11)</subfield>
  </datafield>
  <datafield tag="955" ind1=" " ind2=" ">
    <subfield code="b">BENT</subfield>
    <subfield code="p">3121493-2910</subfield>
    <subfield code="z">v.25:no.20(2009:May 18)</subfield>
  </datafield>
  <datafield tag="955" ind1=" " ind2=" ">
    <subfield code="b">BENT</subfield>
    <subfield code="p">3121493-2920</subfield>
    <subfield code="z">v.25:no.21(2009:May 25)</subfield>
  </datafield>
  <datafield tag="955" ind1=" " ind2=" ">
    <subfield code="b">BENT</subfield>
    <subfield code="p">3121493-2930</subfield>
    <subfield code="z">v.25:no.22(2009:Jun. 01)</subfield>
  </datafield>
  <datafield tag="955" ind1=" " ind2=" ">
    <subfield code="b">BENT</subfield>
    <subfield code="p">3121493-2940</subfield>
    <subfield code="z">v.25:no.23(2009:Jun. 08)</subfield>
  </datafield>
  <datafield tag="955" ind1=" " ind2=" ">
    <subfield code="b">BENT</subfield>
    <subfield code="p">3121493-2950</subfield>
    <subfield code="z">v.25:no.24(2009:Jun. 15)</subfield>
  </datafield>
  <datafield tag="955" ind1=" " ind2=" ">
    <subfield code="b">BENT</subfield>
    <subfield code="p">3121493-2960</subfield>
    <subfield code="z">v.25:no.25(2009:Jun. 22)</subfield>
  </datafield>
  <datafield tag="955" ind1=" " ind2=" ">
    <subfield code="b">BENT</subfield>
    <subfield code="p">3121493-2970</subfield>
    <subfield code="z">v.25:no.26(2009:Jun. 29)</subfield>
  </datafield>
  <datafield tag="955" ind1=" " ind2=" ">
    <subfield code="b">BENT</subfield>
    <subfield code="p">3121493-2980</subfield>
    <subfield code="z">v.25:no.27(2009:Jul. 06)</subfield>
  </datafield>
  <datafield tag="955" ind1=" " ind2=" ">
    <subfield code="b">BENT</subfield>
    <subfield code="p">3121493-2990</subfield>
    <subfield code="z">v.25:no.28(2009:Jul. 20)</subfield>
  </datafield>
  <datafield tag="955" ind1=" " ind2=" ">
    <subfield code="b">BENT</subfield>
    <subfield code="p">3121493-3000</subfield>
    <subfield code="z">v.25:no.29(2009:Jul. 20)</subfield>
  </datafield>
  <datafield tag="955" ind1=" " ind2=" ">
    <subfield code="b">BENT</subfield>
    <subfield code="p">3121493-3010</subfield>
    <subfield code="z">v.25:no.30(2009:Aug. 3)</subfield>
  </datafield>
  <datafield tag="955" ind1=" " ind2=" ">
    <subfield code="b">BENT</subfield>
    <subfield code="p">3121493-3020</subfield>
    <subfield code="z">v.25:no.31(2009:Aug.10)</subfield>
  </datafield>
  <datafield tag="955" ind1=" " ind2=" ">
    <subfield code="b">BENT</subfield>
    <subfield code="p">3121493-3030</subfield>
    <subfield code="z">v.25:no.32(2009:Aug. 17)</subfield>
  </datafield>
  <datafield tag="955" ind1=" " ind2=" ">
    <subfield code="b">BENT</subfield>
    <subfield code="p">3121493-3040</subfield>
    <subfield code="z">v.25:no.33(2009:Aug. 24)</subfield>
  </datafield>
  <datafield tag="955" ind1=" " ind2=" ">
    <subfield code="b">BENT</subfield>
    <subfield code="p">3121493-3050</subfield>
    <subfield code="z">v.25:no.34(2009:Fall)</subfield>
  </datafield>
  <datafield tag="955" ind1=" " ind2=" ">
    <subfield code="b">BENT</subfield>
    <subfield code="p">3121493-3060</subfield>
    <subfield code="z">v.25:no.35(2009:Sept. 7)</subfield>
  </datafield>
  <datafield tag="955" ind1=" " ind2=" ">
    <subfield code="b">BENT</subfield>
    <subfield code="p">3121493-3070</subfield>
    <subfield code="z">v.25:no.36(2009:Sep. 14)</subfield>
  </datafield>
  <datafield tag="955" ind1=" " ind2=" ">
    <subfield code="b">BENT</subfield>
    <subfield code="p">3121493-3080</subfield>
    <subfield code="z">v.25:no.37(2009:Sep. 21)</subfield>
  </datafield>
  <datafield tag="955" ind1=" " ind2=" ">
    <subfield code="b">BENT</subfield>
    <subfield code="p">3121493-3090</subfield>
    <subfield code="z">v.25:no.38(2009:Sep. 28)</subfield>
  </datafield>
  <datafield tag="955" ind1=" " ind2=" ">
    <subfield code="b">BENT</subfield>
    <subfield code="p">3121493-3100</subfield>
    <subfield code="z">v.25:no.39(2009:Oct. 5)</subfield>
  </datafield>
  <datafield tag="955" ind1=" " ind2=" ">
    <subfield code="b">BENT</subfield>
    <subfield code="p">3121493-3110</subfield>
    <subfield code="z">v.25:no.40(2009:Oct. 12)</subfield>
  </datafield>
  <datafield tag="955" ind1=" " ind2=" ">
    <subfield code="b">BENT</subfield>
    <subfield code="p">3121493-3120</subfield>
    <subfield code="z">v.25:no.41(2009:Oct. 19)</subfield>
  </datafield>
  <datafield tag="955" ind1=" " ind2=" ">
    <subfield code="b">BENT</subfield>
    <subfield code="p">3121493-3130</subfield>
    <subfield code="z">v.25:no.42(2009:Oct. 26)</subfield>
  </datafield>
  <datafield tag="955" ind1=" " ind2=" ">
    <subfield code="b">BENT</subfield>
    <subfield code="p">3121493-3140</subfield>
    <subfield code="z">v.25:no.43(2009:Nov. 2)</subfield>
  </datafield>
  <datafield tag="955" ind1=" " ind2=" ">
    <subfield code="b">BENT</subfield>
    <subfield code="p">3121493-3150</subfield>
    <subfield code="z">v.25:no.44(2009:Nov. 09)</subfield>
  </datafield>
  <datafield tag="955" ind1=" " ind2=" ">
    <subfield code="b">BENT</subfield>
    <subfield code="p">3121493-3160</subfield>
    <subfield code="z">v.25:no.45(2009:Nov. 16)</subfield>
  </datafield>
  <datafield tag="955" ind1=" " ind2=" ">
    <subfield code="b">BENT</subfield>
    <subfield code="p">3121493-3170</subfield>
    <subfield code="z">v.25:no.46(2009:Nov. 30)</subfield>
  </datafield>
  <datafield tag="955" ind1=" " ind2=" ">
    <subfield code="b">BENT</subfield>
    <subfield code="p">3121493-3180</subfield>
    <subfield code="z">v.25:no.47(2009:Dec. 07)</subfield>
  </datafield>
  <datafield tag="955" ind1=" " ind2=" ">
    <subfield code="b">BENT</subfield>
    <subfield code="p">3121493-3190</subfield>
    <subfield code="z">v.25:no.48(2009:Dec. 14)</subfield>
  </datafield>
  <datafield tag="955" ind1=" " ind2=" ">
    <subfield code="b">BENT</subfield>
    <subfield code="p">3121493-3200</subfield>
    <subfield code="z">v.25:no.49(2009:Dec. 21)</subfield>
  </datafield>
  <datafield tag="955" ind1=" " ind2=" ">
    <subfield code="b">BENT</subfield>
    <subfield code="p">3121493-3210</subfield>
    <subfield code="z">v.25:no.50(2009:Dec. 06)</subfield>
  </datafield>
  <datafield tag="955" ind1=" " ind2=" ">
    <subfield code="b">BENT</subfield>
    <subfield code="p">3121493-3760</subfield>
    <subfield code="z">v.26:no.1(2010:Jan. 04)</subfield>
  </datafield>
  <datafield tag="955" ind1=" " ind2=" ">
    <subfield code="b">BENT</subfield>
    <subfield code="p">3121493-3770</subfield>
    <subfield code="z">v.26:no.2(2010:Jan. 11)</subfield>
  </datafield>
  <datafield tag="955" ind1=" " ind2=" ">
    <subfield code="b">BENT</subfield>
    <subfield code="p">3121493-3780</subfield>
    <subfield code="z">v.26:no.3(2010:Jan. 18)</subfield>
  </datafield>
  <datafield tag="955" ind1=" " ind2=" ">
    <subfield code="b">BENT</subfield>
    <subfield code="p">3121493-3790</subfield>
    <subfield code="z">v.26:no.4(2010:Jan. 25)</subfield>
  </datafield>
  <datafield tag="955" ind1=" " ind2=" ">
    <subfield code="b">BENT</subfield>
    <subfield code="p">3121493-3800</subfield>
    <subfield code="z">v.26:no.5(2010:Feb. 01)</subfield>
  </datafield>
  <datafield tag="955" ind1=" " ind2=" ">
    <subfield code="b">BENT</subfield>
    <subfield code="p">3121493-3810</subfield>
    <subfield code="z">v.26:no.6(2010:Feb. 08)</subfield>
  </datafield>
  <datafield tag="955" ind1=" " ind2=" ">
    <subfield code="b">BENT</subfield>
    <subfield code="p">3121493-3820</subfield>
    <subfield code="z">v.26:no.7(2010:Feb. 15)</subfield>
  </datafield>
  <datafield tag="955" ind1=" " ind2=" ">
    <subfield code="b">BENT</subfield>
    <subfield code="p">3121493-3830</subfield>
    <subfield code="z">v.26:no.8(2010:Feb. 22)</subfield>
  </datafield>
  <datafield tag="955" ind1=" " ind2=" ">
    <subfield code="b">BENT</subfield>
    <subfield code="p">3121493-3840</subfield>
    <subfield code="z">v.26:no.9(2010:Mar. 01)</subfield>
  </datafield>
  <datafield tag="955" ind1=" " ind2=" ">
    <subfield code="b">BENT</subfield>
    <subfield code="p">3121493-3850</subfield>
    <subfield code="z">v.26:no.10(2010:Mar. 08)</subfield>
  </datafield>
  <datafield tag="955" ind1=" " ind2=" ">
    <subfield code="b">BENT</subfield>
    <subfield code="p">3121493-3860</subfield>
    <subfield code="z">v.26:no.11(2010:Mar. 15)</subfield>
  </datafield>
  <datafield tag="955" ind1=" " ind2=" ">
    <subfield code="b">BENT</subfield>
    <subfield code="p">3121493-3870</subfield>
    <subfield code="z">v.26:no.12(2010:Mar. 22)</subfield>
  </datafield>
  <datafield tag="955" ind1=" " ind2=" ">
    <subfield code="b">BENT</subfield>
    <subfield code="p">3121493-3880</subfield>
    <subfield code="z">v.26:no.13(2010:Mar. 29)</subfield>
  </datafield>
  <datafield tag="955" ind1=" " ind2=" ">
    <subfield code="b">BENT</subfield>
    <subfield code="p">3121493-3890</subfield>
    <subfield code="z">v.26:no.14(2010:April 05)</subfield>
  </datafield>
  <datafield tag="955" ind1=" " ind2=" ">
    <subfield code="b">BENT</subfield>
    <subfield code="p">3121493-3900</subfield>
    <subfield code="z">v.26:no.15(2010:April 12)</subfield>
  </datafield>
  <datafield tag="955" ind1=" " ind2=" ">
    <subfield code="b">BENT</subfield>
    <subfield code="p">3121493-3910</subfield>
    <subfield code="z">v.26:no.16(2010:April 19)</subfield>
  </datafield>
  <datafield tag="955" ind1=" " ind2=" ">
    <subfield code="b">BENT</subfield>
    <subfield code="p">3121493-3920</subfield>
    <subfield code="z">v.26:no.17(2010:April 26)</subfield>
  </datafield>
  <datafield tag="955" ind1=" " ind2=" ">
    <subfield code="b">BENT</subfield>
    <subfield code="p">3121493-3930</subfield>
    <subfield code="z">v.26:no.18(2010:May 03) Section 1</subfield>
  </datafield>
  <datafield tag="955" ind1=" " ind2=" ">
    <subfield code="b">BENT</subfield>
    <subfield code="p">3121493-3940</subfield>
    <subfield code="z">v.26:no.19(2010:May 10)</subfield>
  </datafield>
  <datafield tag="955" ind1=" " ind2=" ">
    <subfield code="b">BENT</subfield>
    <subfield code="p">3121493-3950</subfield>
    <subfield code="z">v.26:no.20(2010:May 17)</subfield>
  </datafield>
  <datafield tag="955" ind1=" " ind2=" ">
    <subfield code="b">BENT</subfield>
    <subfield code="p">3121493-3960</subfield>
    <subfield code="z">v.26:no.21(2010:May 24)</subfield>
  </datafield>
  <datafield tag="955" ind1=" " ind2=" ">
    <subfield code="b">BENT</subfield>
    <subfield code="p">3121493-3970</subfield>
    <subfield code="z">v.26:no.22(2010:May 31)</subfield>
  </datafield>
  <datafield tag="955" ind1=" " ind2=" ">
    <subfield code="b">BENT</subfield>
    <subfield code="p">3121493-3980</subfield>
    <subfield code="z">v.26:no.23(2010:Jun. 07)</subfield>
  </datafield>
  <datafield tag="955" ind1=" " ind2=" ">
    <subfield code="b">BENT</subfield>
    <subfield code="p">3121493-3990</subfield>
    <subfield code="z">v.26:no.24(2010:Jun. 14)</subfield>
  </datafield>
  <datafield tag="955" ind1=" " ind2=" ">
    <subfield code="b">BENT</subfield>
    <subfield code="p">3121493-4000</subfield>
    <subfield code="z">v.26:no.25(2010:Jun. 21)</subfield>
  </datafield>
  <datafield tag="955" ind1=" " ind2=" ">
    <subfield code="b">BENT</subfield>
    <subfield code="p">3121493-4010</subfield>
    <subfield code="z">v.26:no.26(2010:Jun. 28)</subfield>
  </datafield>
  <datafield tag="955" ind1=" " ind2=" ">
    <subfield code="b">BENT</subfield>
    <subfield code="p">3121493-4020</subfield>
    <subfield code="z">v.26:no.27(2010:Jul. 05)</subfield>
  </datafield>
  <datafield tag="955" ind1=" " ind2=" ">
    <subfield code="b">BENT</subfield>
    <subfield code="p">3121493-4030</subfield>
    <subfield code="z">v.26:no.28(2010:Jul. 12)</subfield>
  </datafield>
  <datafield tag="955" ind1=" " ind2=" ">
    <subfield code="b">BENT</subfield>
    <subfield code="p">3121493-4040</subfield>
    <subfield code="z">v.26:no.29(2010:Jul. 19)</subfield>
  </datafield>
  <datafield tag="955" ind1=" " ind2=" ">
    <subfield code="b">BENT</subfield>
    <subfield code="p">3121493-4050</subfield>
    <subfield code="z">v.26:no.30(2010:Jul. 26)</subfield>
  </datafield>
  <datafield tag="955" ind1=" " ind2=" ">
    <subfield code="b">BENT</subfield>
    <subfield code="p">3121493-4060</subfield>
    <subfield code="z">v.26:no.31(2010:Aug. 02)</subfield>
  </datafield>
  <datafield tag="955" ind1=" " ind2=" ">
    <subfield code="b">BENT</subfield>
    <subfield code="p">3121493-4070</subfield>
    <subfield code="z">v.26:no.32(2010:Aug. 09)</subfield>
  </datafield>
  <datafield tag="955" ind1=" " ind2=" ">
    <subfield code="b">BENT</subfield>
    <subfield code="p">3121493-4080</subfield>
    <subfield code="z">v.26:no.33(2010:Aug. 16)</subfield>
  </datafield>
  <datafield tag="955" ind1=" " ind2=" ">
    <subfield code="b">BENT</subfield>
    <subfield code="p">3121493-4090</subfield>
    <subfield code="z">v.26:no.34(2010:Aug. 23)</subfield>
  </datafield>
  <datafield tag="955" ind1=" " ind2=" ">
    <subfield code="b">BENT</subfield>
    <subfield code="p">3121493-4100</subfield>
    <subfield code="z">v.26:no.35(2010:Aug. 30)</subfield>
  </datafield>
  <datafield tag="955" ind1=" " ind2=" ">
    <subfield code="b">BENT</subfield>
    <subfield code="p">3121493-4110</subfield>
    <subfield code="z">v.26:no.36(2010:Aug. 30)</subfield>
  </datafield>
  <datafield tag="955" ind1=" " ind2=" ">
    <subfield code="b">BENT</subfield>
    <subfield code="p">3121493-4120</subfield>
    <subfield code="z">v.26:no.37(2010:Sep. 6)</subfield>
  </datafield>
  <datafield tag="955" ind1=" " ind2=" ">
    <subfield code="b">BENT</subfield>
    <subfield code="p">3121493-4130</subfield>
    <subfield code="z">v.26:no.38(2010:Sep. 13)</subfield>
  </datafield>
  <datafield tag="955" ind1=" " ind2=" ">
    <subfield code="b">BENT</subfield>
    <subfield code="p">3121493-4140</subfield>
    <subfield code="z">v.26:no.39(2010:Sep. 20)</subfield>
  </datafield>
  <datafield tag="955" ind1=" " ind2=" ">
    <subfield code="b">BENT</subfield>
    <subfield code="p">3121493-4150</subfield>
    <subfield code="z">v.26:no.40(2010:Sept. 27)</subfield>
  </datafield>
  <datafield tag="955" ind1=" " ind2=" ">
    <subfield code="b">BENT</subfield>
    <subfield code="p">3121493-4160</subfield>
    <subfield code="z">v.26:no.41(2010:Oct. 4)</subfield>
  </datafield>
  <datafield tag="955" ind1=" " ind2=" ">
    <subfield code="b">BENT</subfield>
    <subfield code="p">3121493-4170</subfield>
    <subfield code="z">v.26:no.42(2010:Oct. 11)</subfield>
  </datafield>
  <datafield tag="955" ind1=" " ind2=" ">
    <subfield code="b">BENT</subfield>
    <subfield code="p">3121493-4180</subfield>
    <subfield code="z">v.26:no.43(2010:Oct. 18)</subfield>
  </datafield>
  <datafield tag="955" ind1=" " ind2=" ">
    <subfield code="b">BENT</subfield>
    <subfield code="p">3121493-4190</subfield>
    <subfield code="z">v.26:no.44(2010:Oct. 25)</subfield>
  </datafield>
  <datafield tag="955" ind1=" " ind2=" ">
    <subfield code="b">BENT</subfield>
    <subfield code="p">3121493-4200</subfield>
    <subfield code="z">v.26:no.45(2010:Nov. 01)</subfield>
  </datafield>
  <datafield tag="955" ind1=" " ind2=" ">
    <subfield code="b">BENT</subfield>
    <subfield code="p">3121493-4210</subfield>
    <subfield code="z">v.26:no.46(2010:Nov. 08)</subfield>
  </datafield>
  <datafield tag="955" ind1=" " ind2=" ">
    <subfield code="b">BENT</subfield>
    <subfield code="p">3121493-4220</subfield>
    <subfield code="z">v.26:no.47(2010:Nov. 15)</subfield>
  </datafield>
  <datafield tag="955" ind1=" " ind2=" ">
    <subfield code="b">BENT</subfield>
    <subfield code="p">3121493-4230</subfield>
    <subfield code="z">v.26:no.48(2010:Nov. 22)</subfield>
  </datafield>
  <datafield tag="955" ind1=" " ind2=" ">
    <subfield code="b">BENT</subfield>
    <subfield code="p">3121493-4240</subfield>
    <subfield code="z">v.26:no.49(2010: Nov.29)</subfield>
  </datafield>
  <datafield tag="955" ind1=" " ind2=" ">
    <subfield code="b">BENT</subfield>
    <subfield code="p">3121493-4250</subfield>
    <subfield code="z">v.26:no.50(2010:Dec. 06)</subfield>
  </datafield>
  <datafield tag="955" ind1=" " ind2=" ">
    <subfield code="b">BENT</subfield>
    <subfield code="p">3121493-4260</subfield>
    <subfield code="z">v.26:no.51(2010:Dec. 13)</subfield>
  </datafield>
  <datafield tag="955" ind1=" " ind2=" ">
    <subfield code="b">BENT</subfield>
    <subfield code="p">3121493-4270</subfield>
    <subfield code="z">v.26:no.52(2010:Dec. 27)</subfield>
  </datafield>
  <datafield tag="955" ind1=" " ind2=" ">
    <subfield code="b">BENT</subfield>
    <subfield code="p">3121493-4280</subfield>
    <subfield code="z">v.27:no.1(2011:Jan. 03)</subfield>
  </datafield>
  <datafield tag="955" ind1=" " ind2=" ">
    <subfield code="b">BENT</subfield>
    <subfield code="p">3121493-4290</subfield>
    <subfield code="z">v.27:no.2(2011:Jan. 10)</subfield>
  </datafield>
  <datafield tag="955" ind1=" " ind2=" ">
    <subfield code="b">BENT</subfield>
    <subfield code="p">3121493-4300</subfield>
    <subfield code="z">v.27:no.3(2011:Jan. 17)</subfield>
  </datafield>
  <datafield tag="955" ind1=" " ind2=" ">
    <subfield code="b">BENT</subfield>
    <subfield code="p">3121493-4310</subfield>
    <subfield code="z">v.27:no.4(2011:Jan. 24)</subfield>
  </datafield>
  <datafield tag="955" ind1=" " ind2=" ">
    <subfield code="b">BENT</subfield>
    <subfield code="p">3121493-4320</subfield>
    <subfield code="z">v.27:no.5(2011:Jan. 31)</subfield>
  </datafield>
  <datafield tag="955" ind1=" " ind2=" ">
    <subfield code="b">BENT</subfield>
    <subfield code="p">3121493-4330</subfield>
    <subfield code="z">v.27:no.6(2011:Feb. 07)</subfield>
  </datafield>
  <datafield tag="955" ind1=" " ind2=" ">
    <subfield code="b">BENT</subfield>
    <subfield code="p">3121493-4340</subfield>
    <subfield code="z">v.27:no.7(2011:Feb. 14)</subfield>
  </datafield>
  <datafield tag="955" ind1=" " ind2=" ">
    <subfield code="b">BENT</subfield>
    <subfield code="p">3121493-4350</subfield>
    <subfield code="z">v.27:no.8(2011:Feb. 21)</subfield>
  </datafield>
  <datafield tag="955" ind1=" " ind2=" ">
    <subfield code="b">BENT</subfield>
    <subfield code="p">3121493-4360</subfield>
    <subfield code="z">v.27:no.9(2011:Feb. 28)</subfield>
  </datafield>
  <datafield tag="955" ind1=" " ind2=" ">
    <subfield code="b">BENT</subfield>
    <subfield code="p">3121493-4370</subfield>
    <subfield code="z">v.27:no.10(2011:Mar. 07)</subfield>
  </datafield>
  <datafield tag="955" ind1=" " ind2=" ">
    <subfield code="b">BENT</subfield>
    <subfield code="p">3121493-4380</subfield>
    <subfield code="z">v.27:no.11(2011:Mar. 14)</subfield>
  </datafield>
  <datafield tag="955" ind1=" " ind2=" ">
    <subfield code="b">BENT</subfield>
    <subfield code="p">3121493-4390</subfield>
    <subfield code="z">v.27:no.12(2011:Mar. 21)</subfield>
  </datafield>
  <datafield tag="955" ind1=" " ind2=" ">
    <subfield code="b">BENT</subfield>
    <subfield code="p">3121493-4400</subfield>
    <subfield code="z">v.27:no.13(2011:Mar. 28)</subfield>
  </datafield>
  <datafield tag="955" ind1=" " ind2=" ">
    <subfield code="b">BENT</subfield>
    <subfield code="p">3121493-4410</subfield>
    <subfield code="z">v.27:no.14(2011:April 04)</subfield>
  </datafield>
  <datafield tag="955" ind1=" " ind2=" ">
    <subfield code="b">BENT</subfield>
    <subfield code="p">3121493-4420</subfield>
    <subfield code="z">v.27:no.15(2011:April 11)</subfield>
  </datafield>
  <datafield tag="955" ind1=" " ind2=" ">
    <subfield code="b">BENT</subfield>
    <subfield code="p">3121493-4430</subfield>
    <subfield code="z">v.27:no.16(2011:April 18)</subfield>
  </datafield>
  <datafield tag="955" ind1=" " ind2=" ">
    <subfield code="b">BENT</subfield>
    <subfield code="p">3121493-4440</subfield>
    <subfield code="z">v.27:no.17(2011:April 25)</subfield>
  </datafield>
  <datafield tag="955" ind1=" " ind2=" ">
    <subfield code="b">BENT</subfield>
    <subfield code="p">3121493-4450</subfield>
    <subfield code="z">v.27:no.18(2011:May 02)</subfield>
  </datafield>
  <datafield tag="955" ind1=" " ind2=" ">
    <subfield code="b">BENT</subfield>
    <subfield code="p">3121493-4460</subfield>
    <subfield code="z">v.27:no.19(2011:May 09)</subfield>
  </datafield>
  <datafield tag="955" ind1=" " ind2=" ">
    <subfield code="b">BENT</subfield>
    <subfield code="p">3121493-4470</subfield>
    <subfield code="z">v.27:no.20(2011:May 16)</subfield>
  </datafield>
  <datafield tag="955" ind1=" " ind2=" ">
    <subfield code="b">BENT</subfield>
    <subfield code="p">3121493-4480</subfield>
    <subfield code="z">v.27:no.21(2011:May 23)</subfield>
  </datafield>
  <datafield tag="955" ind1=" " ind2=" ">
    <subfield code="b">BENT</subfield>
    <subfield code="p">3121493-4490</subfield>
    <subfield code="z">v.27:no.22(2011:May 30)</subfield>
  </datafield>
  <datafield tag="955" ind1=" " ind2=" ">
    <subfield code="b">BENT</subfield>
    <subfield code="p">3121493-4500</subfield>
    <subfield code="z">v.27:no.23(2011:Jun. 06)</subfield>
  </datafield>
  <datafield tag="955" ind1=" " ind2=" ">
    <subfield code="b">BENT</subfield>
    <subfield code="p">3121493-4510</subfield>
    <subfield code="z">v.27:no.24(2011:Jun. 13)</subfield>
  </datafield>
  <datafield tag="955" ind1=" " ind2=" ">
    <subfield code="b">BENT</subfield>
    <subfield code="p">3121493-4520</subfield>
    <subfield code="z">v.27:no.25(2011:Jun. 20)</subfield>
  </datafield>
  <datafield tag="955" ind1=" " ind2=" ">
    <subfield code="b">BENT</subfield>
    <subfield code="p">3121493-4530</subfield>
    <subfield code="z">v.27:no.26(2011:Jun. 27)</subfield>
  </datafield>
  <datafield tag="955" ind1=" " ind2=" ">
    <subfield code="b">BENT</subfield>
    <subfield code="p">3121493-4540</subfield>
    <subfield code="z">v.27:no.27(2011:Jul. 04)</subfield>
  </datafield>
  <datafield tag="955" ind1=" " ind2=" ">
    <subfield code="b">BENT</subfield>
    <subfield code="p">3121493-4550</subfield>
    <subfield code="z">v.27:no.28(2011:Jul. 11)</subfield>
  </datafield>
  <datafield tag="955" ind1=" " ind2=" ">
    <subfield code="b">BENT</subfield>
    <subfield code="p">3121493-4560</subfield>
    <subfield code="z">v.27:no.29(2011:Jul. 18)</subfield>
  </datafield>
  <datafield tag="955" ind1=" " ind2=" ">
    <subfield code="b">BENT</subfield>
    <subfield code="p">3121493-4570</subfield>
    <subfield code="z">v.27:no.30(2011:Jul. 25)</subfield>
  </datafield>
  <datafield tag="955" ind1=" " ind2=" ">
    <subfield code="b">BENT</subfield>
    <subfield code="p">3121493-4580</subfield>
    <subfield code="z">v.27:no.31(2011:Aug. 01)</subfield>
  </datafield>
  <datafield tag="955" ind1=" " ind2=" ">
    <subfield code="b">BENT</subfield>
    <subfield code="p">3121493-4590</subfield>
    <subfield code="z">v.27:no.32(2011:Aug. 08)</subfield>
  </datafield>
  <datafield tag="955" ind1=" " ind2=" ">
    <subfield code="b">BENT</subfield>
    <subfield code="p">3121493-4600</subfield>
    <subfield code="z">v.27:no.33(2011:Aug. 15)</subfield>
  </datafield>
  <datafield tag="955" ind1=" " ind2=" ">
    <subfield code="b">BENT</subfield>
    <subfield code="p">3121493-4610</subfield>
    <subfield code="z">v.27:no.34(2011:Aug. 22)</subfield>
  </datafield>
  <datafield tag="955" ind1=" " ind2=" ">
    <subfield code="b">BENT</subfield>
    <subfield code="p">3121493-4620</subfield>
    <subfield code="z">v.27:no.35(2011:Aug. 29)</subfield>
  </datafield>
  <datafield tag="955" ind1=" " ind2=" ">
    <subfield code="b">BENT</subfield>
    <subfield code="p">3121493-4630</subfield>
    <subfield code="z">v.27:no.36(2011:Sep. 05)</subfield>
  </datafield>
  <datafield tag="955" ind1=" " ind2=" ">
    <subfield code="b">BENT</subfield>
    <subfield code="p">3121493-4640</subfield>
    <subfield code="z">v.27:no.37(2011:Sep. 5)</subfield>
  </datafield>
  <datafield tag="955" ind1=" " ind2=" ">
    <subfield code="b">BENT</subfield>
    <subfield code="p">3121493-4650</subfield>
    <subfield code="z">v.27:no.38(2011:Sep. 12)</subfield>
  </datafield>
  <datafield tag="955" ind1=" " ind2=" ">
    <subfield code="b">BENT</subfield>
    <subfield code="p">3121493-4660</subfield>
    <subfield code="z">v.27:no.39(2011:Sep. 19)</subfield>
  </datafield>
  <datafield tag="955" ind1=" " ind2=" ">
    <subfield code="b">BENT</subfield>
    <subfield code="p">3121493-4670</subfield>
    <subfield code="z">v.27:no.40(2011:Sept. 26)</subfield>
  </datafield>
  <datafield tag="955" ind1=" " ind2=" ">
    <subfield code="b">BENT</subfield>
    <subfield code="p">3121493-4680</subfield>
    <subfield code="z">v.27:no.41(2011:Oct. 3)</subfield>
  </datafield>
  <datafield tag="955" ind1=" " ind2=" ">
    <subfield code="b">BENT</subfield>
    <subfield code="p">3121493-4690</subfield>
    <subfield code="z">v.27:no.42(2011:Oct. 10)</subfield>
  </datafield>
  <datafield tag="955" ind1=" " ind2=" ">
    <subfield code="b">BENT</subfield>
    <subfield code="p">3121493-4700</subfield>
    <subfield code="z">v.27:no.43(2011:Oct. 17)</subfield>
  </datafield>
  <datafield tag="955" ind1=" " ind2=" ">
    <subfield code="b">BENT</subfield>
    <subfield code="p">3121493-4710</subfield>
    <subfield code="z">v.27:no.44(2011:Oct. 24)</subfield>
  </datafield>
  <datafield tag="955" ind1=" " ind2=" ">
    <subfield code="b">BENT</subfield>
    <subfield code="p">3121493-4720</subfield>
    <subfield code="z">v.27:no.45(2011:Oct. 31)</subfield>
  </datafield>
  <datafield tag="955" ind1=" " ind2=" ">
    <subfield code="b">BENT</subfield>
    <subfield code="p">3121493-4730</subfield>
    <subfield code="z">v.27:no.46(2011:Nov. 7)</subfield>
  </datafield>
  <datafield tag="955" ind1=" " ind2=" ">
    <subfield code="b">BENT</subfield>
    <subfield code="p">3121493-4740</subfield>
    <subfield code="z">v.27:no.47(2011:Nov. 14)</subfield>
  </datafield>
  <datafield tag="955" ind1=" " ind2=" ">
    <subfield code="b">BENT</subfield>
    <subfield code="p">3121493-4750</subfield>
    <subfield code="z">v.27:no.48(2011:Nov. 21)</subfield>
  </datafield>
  <datafield tag="955" ind1=" " ind2=" ">
    <subfield code="b">BENT</subfield>
    <subfield code="p">3121493-4760</subfield>
    <subfield code="z">v.27:no.49(2011:Nov. 28)</subfield>
  </datafield>
  <datafield tag="955" ind1=" " ind2=" ">
    <subfield code="b">BENT</subfield>
    <subfield code="p">3121493-4770</subfield>
    <subfield code="z">v.27:no.50(2011:Dec. 5)</subfield>
  </datafield>
  <datafield tag="955" ind1=" " ind2=" ">
    <subfield code="b">BENT</subfield>
    <subfield code="p">3121493-4780</subfield>
    <subfield code="z">v.27:no.51(2011:Dec. 12)</subfield>
  </datafield>
  <datafield tag="955" ind1=" " ind2=" ">
    <subfield code="b">BENT</subfield>
    <subfield code="p">3121493-4790</subfield>
    <subfield code="z">v.27:no.52(2011:Dec. 26) 2012 Edition</subfield>
  </datafield>
  <datafield tag="955" ind1=" " ind2=" ">
    <subfield code="b">BENT</subfield>
    <subfield code="p">3121493-4810</subfield>
    <subfield code="z">v.28:no.1(2012:Jan. 02)</subfield>
  </datafield>
  <datafield tag="955" ind1=" " ind2=" ">
    <subfield code="b">BENT</subfield>
    <subfield code="p">3121493-4820</subfield>
    <subfield code="z">v.28:no.2(2012:Jan. 09)</subfield>
  </datafield>
  <datafield tag="955" ind1=" " ind2=" ">
    <subfield code="b">BENT</subfield>
    <subfield code="p">3121493-4830</subfield>
    <subfield code="z">v.28:no.3(2012:Jan. 16)</subfield>
  </datafield>
  <datafield tag="955" ind1=" " ind2=" ">
    <subfield code="b">BENT</subfield>
    <subfield code="p">3121493-4840</subfield>
    <subfield code="z">v.28:no.4(2012:Jan. 23)</subfield>
  </datafield>
  <datafield tag="955" ind1=" " ind2=" ">
    <subfield code="b">BENT</subfield>
    <subfield code="p">3121493-4850</subfield>
    <subfield code="z">v.28:no.5(2012:Jan. 30)</subfield>
  </datafield>
  <datafield tag="955" ind1=" " ind2=" ">
    <subfield code="b">BENT</subfield>
    <subfield code="p">3121493-4860</subfield>
    <subfield code="z">v.28:no.6(2012:Feb. 06)</subfield>
  </datafield>
  <datafield tag="955" ind1=" " ind2=" ">
    <subfield code="b">BENT</subfield>
    <subfield code="p">3121493-4870</subfield>
    <subfield code="z">v.28:no.7(2012:Feb. 13)</subfield>
  </datafield>
  <datafield tag="955" ind1=" " ind2=" ">
    <subfield code="b">BENT</subfield>
    <subfield code="p">3121493-4880</subfield>
    <subfield code="z">v.28:no.8(2012:Feb. 20)</subfield>
  </datafield>
  <datafield tag="955" ind1=" " ind2=" ">
    <subfield code="b">BENT</subfield>
    <subfield code="p">3121493-4890</subfield>
    <subfield code="z">v.28:no.9(2012:Feb. 27)</subfield>
  </datafield>
  <datafield tag="955" ind1=" " ind2=" ">
    <subfield code="b">BENT</subfield>
    <subfield code="p">3121493-4900</subfield>
    <subfield code="z">v.28:no.10(2012:Mar. 05)</subfield>
  </datafield>
  <datafield tag="955" ind1=" " ind2=" ">
    <subfield code="b">BENT</subfield>
    <subfield code="p">3121493-4910</subfield>
    <subfield code="z">v.28:no.11(2012:Mar. 12)</subfield>
  </datafield>
  <datafield tag="955" ind1=" " ind2=" ">
    <subfield code="b">BENT</subfield>
    <subfield code="p">3121493-4920</subfield>
    <subfield code="z">v.28:no.12(2012:Mar. 19)</subfield>
  </datafield>
  <datafield tag="955" ind1=" " ind2=" ">
    <subfield code="b">BENT</subfield>
    <subfield code="p">3121493-4930</subfield>
    <subfield code="z">v.28:no.13(2012:Mar. 26)</subfield>
  </datafield>
  <datafield tag="955" ind1=" " ind2=" ">
    <subfield code="b">BENT</subfield>
    <subfield code="p">3121493-4940</subfield>
    <subfield code="z">v.28:no.14(2012:April 02)</subfield>
  </datafield>
  <datafield tag="955" ind1=" " ind2=" ">
    <subfield code="b">BENT</subfield>
    <subfield code="p">3121493-4950</subfield>
    <subfield code="z">v.28:no.15(2012:April 09)</subfield>
  </datafield>
  <datafield tag="955" ind1=" " ind2=" ">
    <subfield code="b">BENT</subfield>
    <subfield code="p">3121493-4960</subfield>
    <subfield code="z">v.28:no.16(2012:April 16)</subfield>
  </datafield>
  <datafield tag="955" ind1=" " ind2=" ">
    <subfield code="b">BENT</subfield>
    <subfield code="p">3121493-4970</subfield>
    <subfield code="z">v.28:no.17(2012:April 23)</subfield>
  </datafield>
  <datafield tag="955" ind1=" " ind2=" ">
    <subfield code="b">BENT</subfield>
    <subfield code="p">3121493-4980</subfield>
    <subfield code="z">v.28:no.18(2012:April 30)</subfield>
  </datafield>
  <datafield tag="955" ind1=" " ind2=" ">
    <subfield code="b">BENT</subfield>
    <subfield code="p">3121493-4990</subfield>
    <subfield code="z">v.28:no.19(2012:May 07)</subfield>
  </datafield>
  <datafield tag="955" ind1=" " ind2=" ">
    <subfield code="b">BENT</subfield>
    <subfield code="p">3121493-5000</subfield>
    <subfield code="z">v.28:no.20(2012:May 14)</subfield>
  </datafield>
  <datafield tag="955" ind1=" " ind2=" ">
    <subfield code="b">BENT</subfield>
    <subfield code="p">3121493-5010</subfield>
    <subfield code="z">v.28:no.21(2012:May 21)</subfield>
  </datafield>
  <datafield tag="955" ind1=" " ind2=" ">
    <subfield code="b">BENT</subfield>
    <subfield code="p">3121493-5020</subfield>
    <subfield code="z">v.28:no.22(2012:May 28)</subfield>
  </datafield>
  <datafield tag="955" ind1=" " ind2=" ">
    <subfield code="b">BENT</subfield>
    <subfield code="p">3121493-5030</subfield>
    <subfield code="z">v.28:no.23(2012:Jun. 04)</subfield>
  </datafield>
  <datafield tag="955" ind1=" " ind2=" ">
    <subfield code="b">BENT</subfield>
    <subfield code="p">3121493-5040</subfield>
    <subfield code="z">v.28:no.24(2012:Jun. 11)</subfield>
  </datafield>
  <datafield tag="955" ind1=" " ind2=" ">
    <subfield code="b">BENT</subfield>
    <subfield code="p">3121493-5050</subfield>
    <subfield code="z">v.28:no.25(2012:Jun. 18)</subfield>
  </datafield>
  <datafield tag="955" ind1=" " ind2=" ">
    <subfield code="b">BENT</subfield>
    <subfield code="p">3121493-5060</subfield>
    <subfield code="z">v.28:no.26(2012:Jun. 25)</subfield>
  </datafield>
  <datafield tag="955" ind1=" " ind2=" ">
    <subfield code="b">BENT</subfield>
    <subfield code="p">3121493-5070</subfield>
    <subfield code="z">v.28:no.27(2012:Jul. 02)</subfield>
  </datafield>
  <datafield tag="955" ind1=" " ind2=" ">
    <subfield code="b">BENT</subfield>
    <subfield code="p">3121493-5080</subfield>
    <subfield code="z">v.28:no.28(2012:Jul. 09)</subfield>
  </datafield>
  <datafield tag="955" ind1=" " ind2=" ">
    <subfield code="b">BENT</subfield>
    <subfield code="p">3121493-5090</subfield>
    <subfield code="z">v.28:no.29(2012:Jul. 16)</subfield>
  </datafield>
  <datafield tag="955" ind1=" " ind2=" ">
    <subfield code="b">BENT</subfield>
    <subfield code="p">3121493-5100</subfield>
    <subfield code="z">v.28:no.30(2012:Jul. 23)</subfield>
  </datafield>
  <datafield tag="955" ind1=" " ind2=" ">
    <subfield code="b">BENT</subfield>
    <subfield code="p">3121493-5110</subfield>
    <subfield code="z">v.28:no.31(2012:Jul. 30)</subfield>
  </datafield>
  <datafield tag="955" ind1=" " ind2=" ">
    <subfield code="b">BENT</subfield>
    <subfield code="p">3121493-5120</subfield>
    <subfield code="z">v.28:no.32(2012:Aug. 06)</subfield>
  </datafield>
  <datafield tag="955" ind1=" " ind2=" ">
    <subfield code="b">BENT</subfield>
    <subfield code="p">3121493-5130</subfield>
    <subfield code="z">v.28:no.33(2012:Aug. 13)</subfield>
  </datafield>
  <datafield tag="955" ind1=" " ind2=" ">
    <subfield code="b">BENT</subfield>
    <subfield code="p">3121493-5140</subfield>
    <subfield code="z">v.28:no.34(2012:Aug. 20)</subfield>
  </datafield>
  <datafield tag="955" ind1=" " ind2=" ">
    <subfield code="b">BENT</subfield>
    <subfield code="p">3121493-5150</subfield>
    <subfield code="z">v.28:no.35(2012:Aug. 27)</subfield>
  </datafield>
  <datafield tag="955" ind1=" " ind2=" ">
    <subfield code="b">BENT</subfield>
    <subfield code="p">3121493-5160</subfield>
    <subfield code="z">v.28:no.36(2012:Sep. 03)</subfield>
  </datafield>
  <datafield tag="955" ind1=" " ind2=" ">
    <subfield code="b">BENT</subfield>
    <subfield code="p">3121493-5170</subfield>
    <subfield code="z">v.28:no.37(2012:Sep. 10)</subfield>
  </datafield>
  <datafield tag="955" ind1=" " ind2=" ">
    <subfield code="b">BENT</subfield>
    <subfield code="p">3121493-5180</subfield>
    <subfield code="z">v.28:no.38(2012:Sep. 17)</subfield>
  </datafield>
  <datafield tag="955" ind1=" " ind2=" ">
    <subfield code="b">BENT</subfield>
    <subfield code="p">3121493-5190</subfield>
    <subfield code="z">v.28:no.39(2012:Sep. 24)</subfield>
  </datafield>
  <datafield tag="955" ind1=" " ind2=" ">
    <subfield code="b">BENT</subfield>
    <subfield code="p">3121493-5200</subfield>
    <subfield code="z">v.28:no.40(2012:Oct. 01)</subfield>
  </datafield>
  <datafield tag="955" ind1=" " ind2=" ">
    <subfield code="b">BENT</subfield>
    <subfield code="p">3121493-5210</subfield>
    <subfield code="z">v.28:no.41(2012:Oct. 08)</subfield>
  </datafield>
  <datafield tag="955" ind1=" " ind2=" ">
    <subfield code="b">BENT</subfield>
    <subfield code="p">3121493-5220</subfield>
    <subfield code="z">v.28:no.42(2012:Oct. 8)</subfield>
  </datafield>
  <datafield tag="955" ind1=" " ind2=" ">
    <subfield code="b">BENT</subfield>
    <subfield code="p">3121493-5230</subfield>
    <subfield code="z">v.28:no.43(2012:Oct. 15)</subfield>
  </datafield>
  <datafield tag="955" ind1=" " ind2=" ">
    <subfield code="b">BENT</subfield>
    <subfield code="p">3121493-5240</subfield>
    <subfield code="z">v.28:no.44(2012:Oct. 22)</subfield>
  </datafield>
  <datafield tag="955" ind1=" " ind2=" ">
    <subfield code="b">BENT</subfield>
    <subfield code="p">3121493-5250</subfield>
    <subfield code="z">v.28:no.45(2012:Oct. 29)</subfield>
  </datafield>
  <datafield tag="955" ind1=" " ind2=" ">
    <subfield code="b">BENT</subfield>
    <subfield code="p">3121493-5260</subfield>
    <subfield code="z">v.28:no.46(2012:Nov. 5)</subfield>
  </datafield>
  <datafield tag="955" ind1=" " ind2=" ">
    <subfield code="b">BENT</subfield>
    <subfield code="p">3121493-5270</subfield>
    <subfield code="z">v.28:no.47(2012:Nov. 12)</subfield>
  </datafield>
  <datafield tag="955" ind1=" " ind2=" ">
    <subfield code="b">BENT</subfield>
    <subfield code="p">3121493-5280</subfield>
    <subfield code="z">v.28:no.48(2012:Nov. 19)</subfield>
  </datafield>
  <datafield tag="955" ind1=" " ind2=" ">
    <subfield code="b">BENT</subfield>
    <subfield code="p">3121493-5290</subfield>
    <subfield code="z">v.28:no.49(2012:Nov. 26)</subfield>
  </datafield>
  <datafield tag="955" ind1=" " ind2=" ">
    <subfield code="b">BENT</subfield>
    <subfield code="p">3121493-5300</subfield>
    <subfield code="z">v.28:no.50(2012:Dec. 3)</subfield>
  </datafield>
  <datafield tag="955" ind1=" " ind2=" ">
    <subfield code="b">BENT</subfield>
    <subfield code="p">3121493-5310</subfield>
    <subfield code="z">v.28:no.51(2012:Dec. 10)</subfield>
  </datafield>
  <datafield tag="955" ind1=" " ind2=" ">
    <subfield code="b">BENT</subfield>
    <subfield code="p">3121493-5320</subfield>
    <subfield code="z">v.28:no.52(2012:Dec. 17)</subfield>
  </datafield>
  <datafield tag="955" ind1=" " ind2=" ">
    <subfield code="b">BENT</subfield>
    <subfield code="p">3121493-5330</subfield>
    <subfield code="z">v.29:no.1(2013:Jan. 7)</subfield>
  </datafield>
  <datafield tag="955" ind1=" " ind2=" ">
    <subfield code="b">BENT</subfield>
    <subfield code="p">3121493-5350</subfield>
    <subfield code="z">v.29:no.2(2013:Jan. 14)</subfield>
  </datafield>
  <datafield tag="955" ind1=" " ind2=" ">
    <subfield code="b">BENT</subfield>
    <subfield code="p">3121493-5360</subfield>
    <subfield code="z">v.29:no.3(2013:Jan. 21)</subfield>
  </datafield>
  <datafield tag="955" ind1=" " ind2=" ">
    <subfield code="b">BENT</subfield>
    <subfield code="p">3121493-5370</subfield>
    <subfield code="z">v.29:no.4(2013:Jan. 28)</subfield>
  </datafield>
  <datafield tag="955" ind1=" " ind2=" ">
    <subfield code="b">BENT</subfield>
    <subfield code="p">3121493-5380</subfield>
    <subfield code="z">v.29:no.5(2013:Feb. 04)</subfield>
  </datafield>
  <datafield tag="955" ind1=" " ind2=" ">
    <subfield code="b">BENT</subfield>
    <subfield code="p">3121493-5390</subfield>
    <subfield code="z">v.29:no.6(2013:Feb. 11)</subfield>
  </datafield>
  <datafield tag="955" ind1=" " ind2=" ">
    <subfield code="b">BENT</subfield>
    <subfield code="p">3121493-5400</subfield>
    <subfield code="z">v.29:no.7(2013:Feb. 18)</subfield>
  </datafield>
  <datafield tag="955" ind1=" " ind2=" ">
    <subfield code="b">BENT</subfield>
    <subfield code="p">3121493-5410</subfield>
    <subfield code="z">v.29:no.8(2013:Feb. 25)</subfield>
  </datafield>
  <datafield tag="955" ind1=" " ind2=" ">
    <subfield code="b">BENT</subfield>
    <subfield code="p">3121493-5420</subfield>
    <subfield code="z">v.29:no.9(2013:Mar. 04)</subfield>
  </datafield>
  <datafield tag="955" ind1=" " ind2=" ">
    <subfield code="b">BENT</subfield>
    <subfield code="p">3121493-5430</subfield>
    <subfield code="z">v.29:no.10(2013:Mar. 11)</subfield>
  </datafield>
  <datafield tag="955" ind1=" " ind2=" ">
    <subfield code="b">BENT</subfield>
    <subfield code="p">3121493-5440</subfield>
    <subfield code="z">v.29:no.11(2013:Mar. 18)</subfield>
  </datafield>
  <datafield tag="955" ind1=" " ind2=" ">
    <subfield code="b">BENT</subfield>
    <subfield code="p">3121493-5450</subfield>
    <subfield code="z">v.29:no.12(2013:Mar. 25)</subfield>
  </datafield>
  <datafield tag="955" ind1=" " ind2=" ">
    <subfield code="b">BENT</subfield>
    <subfield code="p">3121493-5460</subfield>
    <subfield code="z">v.29:no.13(2013:April 01)</subfield>
  </datafield>
  <datafield tag="955" ind1=" " ind2=" ">
    <subfield code="b">BENT</subfield>
    <subfield code="p">3121493-5470</subfield>
    <subfield code="z">v.29:no.14(2013:April 08)</subfield>
  </datafield>
  <datafield tag="955" ind1=" " ind2=" ">
    <subfield code="b">BENT</subfield>
    <subfield code="p">3121493-5480</subfield>
    <subfield code="z">v.29:no.15(2013:April 15)</subfield>
  </datafield>
  <datafield tag="955" ind1=" " ind2=" ">
    <subfield code="b">BENT</subfield>
    <subfield code="p">3121493-5490</subfield>
    <subfield code="z">v.29:no.16(2013:April 22)</subfield>
  </datafield>
  <datafield tag="955" ind1=" " ind2=" ">
    <subfield code="b">BENT</subfield>
    <subfield code="p">3121493-5500</subfield>
    <subfield code="z">v.29:no.17(2013:April 29)</subfield>
  </datafield>
  <datafield tag="955" ind1=" " ind2=" ">
    <subfield code="b">BENT</subfield>
    <subfield code="p">3121493-5510</subfield>
    <subfield code="z">v.29:no.18(2013:May 06)</subfield>
  </datafield>
  <datafield tag="955" ind1=" " ind2=" ">
    <subfield code="b">BENT</subfield>
    <subfield code="p">3121493-5520</subfield>
    <subfield code="z">v.29:no.19(2013:May 13)</subfield>
  </datafield>
  <datafield tag="955" ind1=" " ind2=" ">
    <subfield code="b">BENT</subfield>
    <subfield code="p">3121493-5530</subfield>
    <subfield code="z">v.29:no.20(2013:May 20)</subfield>
  </datafield>
  <datafield tag="955" ind1=" " ind2=" ">
    <subfield code="b">BENT</subfield>
    <subfield code="p">3121493-5540</subfield>
    <subfield code="z">v.29:no.21(2013:May 27)</subfield>
  </datafield>
  <datafield tag="955" ind1=" " ind2=" ">
    <subfield code="b">BENT</subfield>
    <subfield code="p">3121493-5550</subfield>
    <subfield code="z">v.29:no.22(2013:Jun. 03)</subfield>
  </datafield>
  <datafield tag="955" ind1=" " ind2=" ">
    <subfield code="b">BENT</subfield>
    <subfield code="p">3121493-5560</subfield>
    <subfield code="z">v.29:no.23(2013:Jun. 10)</subfield>
  </datafield>
  <datafield tag="955" ind1=" " ind2=" ">
    <subfield code="b">BENT</subfield>
    <subfield code="p">3121493-5570</subfield>
    <subfield code="z">v.29:no.24(2013:Jun. 17)</subfield>
  </datafield>
  <datafield tag="955" ind1=" " ind2=" ">
    <subfield code="b">BENT</subfield>
    <subfield code="p">3121493-5580</subfield>
    <subfield code="z">v.29:no.25(2013:Jun. 24)</subfield>
  </datafield>
  <datafield tag="955" ind1=" " ind2=" ">
    <subfield code="b">BENT</subfield>
    <subfield code="p">3121493-5590</subfield>
    <subfield code="z">v.29:no.26(2013:Jul. 01)</subfield>
  </datafield>
  <datafield tag="955" ind1=" " ind2=" ">
    <subfield code="b">BENT</subfield>
    <subfield code="p">3121493-5600</subfield>
    <subfield code="z">v.29:no.27(2013:Jul. 08)</subfield>
  </datafield>
  <datafield tag="955" ind1=" " ind2=" ">
    <subfield code="b">BENT</subfield>
    <subfield code="p">3121493-5610</subfield>
    <subfield code="z">v.29:no.28(2013:Jul. 15)</subfield>
  </datafield>
  <datafield tag="955" ind1=" " ind2=" ">
    <subfield code="b">BENT</subfield>
    <subfield code="p">3121493-5620</subfield>
    <subfield code="z">v.29:no.29(2013:Jul. 22)</subfield>
  </datafield>
  <datafield tag="955" ind1=" " ind2=" ">
    <subfield code="b">BENT</subfield>
    <subfield code="p">3121493-5630</subfield>
    <subfield code="z">v.29:no.30(2013:Jul. 29)</subfield>
  </datafield>
  <datafield tag="955" ind1=" " ind2=" ">
    <subfield code="b">BENT</subfield>
    <subfield code="p">3121493-5640</subfield>
    <subfield code="z">v.29:no.31(2013:Aug. 05)</subfield>
  </datafield>
  <datafield tag="955" ind1=" " ind2=" ">
    <subfield code="b">BENT</subfield>
    <subfield code="p">3121493-5650</subfield>
    <subfield code="z">v.29:no.32(2013:Aug. 12)</subfield>
  </datafield>
  <datafield tag="955" ind1=" " ind2=" ">
    <subfield code="b">BENT</subfield>
    <subfield code="p">3121493-5660</subfield>
    <subfield code="z">v.29:no.33(2013:Aug. 19)</subfield>
  </datafield>
  <datafield tag="955" ind1=" " ind2=" ">
    <subfield code="b">BENT</subfield>
    <subfield code="p">3121493-5670</subfield>
    <subfield code="z">v.29:no.34(2013:Aug. 26)</subfield>
  </datafield>
  <datafield tag="955" ind1=" " ind2=" ">
    <subfield code="b">BENT</subfield>
    <subfield code="p">3121493-5680</subfield>
    <subfield code="z">v.29:no.35(2013:Sep. 02)</subfield>
  </datafield>
  <datafield tag="955" ind1=" " ind2=" ">
    <subfield code="b">BENT</subfield>
    <subfield code="p">3121493-5690</subfield>
    <subfield code="z">v.29:no.36(2013:Sep. 09)</subfield>
  </datafield>
  <datafield tag="955" ind1=" " ind2=" ">
    <subfield code="b">BENT</subfield>
    <subfield code="p">3121493-5700</subfield>
    <subfield code="z">v.29:no.37(2013:Sep. 16)</subfield>
  </datafield>
  <datafield tag="955" ind1=" " ind2=" ">
    <subfield code="b">BENT</subfield>
    <subfield code="p">3121493-5710</subfield>
    <subfield code="z">v.29:no.38(2013:Sep. 23)</subfield>
  </datafield>
  <datafield tag="955" ind1=" " ind2=" ">
    <subfield code="b">BENT</subfield>
    <subfield code="p">3121493-5720</subfield>
    <subfield code="z">v.29:no.39(2013:Sep. 30)</subfield>
  </datafield>
  <datafield tag="955" ind1=" " ind2=" ">
    <subfield code="b">BENT</subfield>
    <subfield code="p">3121493-5730</subfield>
    <subfield code="z">v.29:no.40(2013:Oct. 07)</subfield>
  </datafield>
  <datafield tag="955" ind1=" " ind2=" ">
    <subfield code="b">BENT</subfield>
    <subfield code="p">3121493-5740</subfield>
    <subfield code="z">v.29:no.41(2013:Oct. 14)</subfield>
  </datafield>
  <datafield tag="955" ind1=" " ind2=" ">
    <subfield code="b">BENT</subfield>
    <subfield code="p">3121493-5750</subfield>
    <subfield code="z">v.29:no.42(2013:Oct. 21)</subfield>
  </datafield>
  <datafield tag="955" ind1=" " ind2=" ">
    <subfield code="b">BENT</subfield>
    <subfield code="p">3121493-5760</subfield>
    <subfield code="z">v.29:no.43(2013:Oct. 28)</subfield>
  </datafield>
  <datafield tag="955" ind1=" " ind2=" ">
    <subfield code="b">BENT</subfield>
    <subfield code="p">3121493-5770</subfield>
    <subfield code="z">v.29:no.44(2013:Nov. 04)</subfield>
  </datafield>
  <datafield tag="955" ind1=" " ind2=" ">
    <subfield code="b">BENT</subfield>
    <subfield code="p">3121493-5780</subfield>
    <subfield code="z">v.29:no.45(2013:Nov. 11)</subfield>
  </datafield>
  <datafield tag="955" ind1=" " ind2=" ">
    <subfield code="b">BENT</subfield>
    <subfield code="p">3121493-5790</subfield>
    <subfield code="z">v.29:no.46(2013:Nov. 18)</subfield>
  </datafield>
  <datafield tag="955" ind1=" " ind2=" ">
    <subfield code="b">BENT</subfield>
    <subfield code="p">3121493-5800</subfield>
    <subfield code="z">v.29:no.47(2013:Nov. 25)</subfield>
  </datafield>
  <datafield tag="955" ind1=" " ind2=" ">
    <subfield code="b">BENT</subfield>
    <subfield code="p">3121493-5810</subfield>
    <subfield code="z">v.29:no.48(2013:Dec. 02)</subfield>
  </datafield>
  <datafield tag="955" ind1=" " ind2=" ">
    <subfield code="b">BENT</subfield>
    <subfield code="p">3121493-5820</subfield>
    <subfield code="z">v.29:no.49(2013:Dec. 09)</subfield>
  </datafield>
  <datafield tag="955" ind1=" " ind2=" ">
    <subfield code="b">BENT</subfield>
    <subfield code="p">3121493-5830</subfield>
    <subfield code="z">v.29:no.50(2013:Dec. 16)</subfield>
  </datafield>
  <datafield tag="955" ind1=" " ind2=" ">
    <subfield code="b">BENT</subfield>
    <subfield code="p">3121493-5850</subfield>
    <subfield code="z">v.29:no.52(2013:Dec. 30)</subfield>
  </datafield>
  <datafield tag="955" ind1=" " ind2=" ">
    <subfield code="b">BENT</subfield>
    <subfield code="p">3121493-5860</subfield>
    <subfield code="z">v.29:no.53(2014:Jan. 06)</subfield>
  </datafield>
  <datafield tag="955" ind1=" " ind2=" ">
    <subfield code="b">BENT</subfield>
    <subfield code="p">3121493-5870</subfield>
    <subfield code="z">v.30:no.1(2014:Jan. 13)</subfield>
  </datafield>
  <datafield tag="955" ind1=" " ind2=" ">
    <subfield code="b">BENT</subfield>
    <subfield code="p">3121493-5880</subfield>
    <subfield code="z">v.30:no.2(2014:Jan. 20)</subfield>
  </datafield>
  <datafield tag="955" ind1=" " ind2=" ">
    <subfield code="b">BENT</subfield>
    <subfield code="p">3121493-5890</subfield>
    <subfield code="z">v.30:no.3(2014:Jan. 27)</subfield>
  </datafield>
  <datafield tag="955" ind1=" " ind2=" ">
    <subfield code="b">BENT</subfield>
    <subfield code="p">3121493-5900</subfield>
    <subfield code="z">v.30:no.4(2014:Feb. 03)</subfield>
  </datafield>
  <datafield tag="955" ind1=" " ind2=" ">
    <subfield code="b">BENT</subfield>
    <subfield code="p">3121493-5910</subfield>
    <subfield code="z">v.30:no.5(2014:Feb. 10)</subfield>
  </datafield>
  <datafield tag="955" ind1=" " ind2=" ">
    <subfield code="b">BENT</subfield>
    <subfield code="p">3121493-5920</subfield>
    <subfield code="z">v.30:no.6(2014:Feb. 17)</subfield>
  </datafield>
  <datafield tag="955" ind1=" " ind2=" ">
    <subfield code="b">BENT</subfield>
    <subfield code="p">3121493-5930</subfield>
    <subfield code="z">v.30:no.7(2014:Feb. 24)</subfield>
  </datafield>
  <datafield tag="955" ind1=" " ind2=" ">
    <subfield code="b">BENT</subfield>
    <subfield code="p">3121493-5940</subfield>
    <subfield code="z">v.30:no.8(2014:Mar. 03)</subfield>
  </datafield>
  <datafield tag="955" ind1=" " ind2=" ">
    <subfield code="b">BENT</subfield>
    <subfield code="p">3121493-5950</subfield>
    <subfield code="z">v.30:no.9(2014:Mar. 10)</subfield>
  </datafield>
  <datafield tag="955" ind1=" " ind2=" ">
    <subfield code="b">BENT</subfield>
    <subfield code="p">3121493-5960</subfield>
    <subfield code="z">v.30:no.10(2014:Mar. 17)</subfield>
  </datafield>
  <datafield tag="955" ind1=" " ind2=" ">
    <subfield code="b">BENT</subfield>
    <subfield code="p">3121493-5970</subfield>
    <subfield code="z">v.30:no.11(2014:Mar. 24)</subfield>
  </datafield>
  <datafield tag="955" ind1=" " ind2=" ">
    <subfield code="b">BENT</subfield>
    <subfield code="p">3121493-5980</subfield>
    <subfield code="z">v.30:no.12(2014:Mar. 31)</subfield>
  </datafield>
  <datafield tag="955" ind1=" " ind2=" ">
    <subfield code="b">BENT</subfield>
    <subfield code="p">3121493-5990</subfield>
    <subfield code="z">v.30:no.13(2014:April 07)</subfield>
  </datafield>
  <datafield tag="955" ind1=" " ind2=" ">
    <subfield code="b">BENT</subfield>
    <subfield code="p">3121493-6000</subfield>
    <subfield code="z">v.30:no.14(2014:April 14)</subfield>
  </datafield>
  <datafield tag="955" ind1=" " ind2=" ">
    <subfield code="b">BENT</subfield>
    <subfield code="p">3121493-6010</subfield>
    <subfield code="z">v.30:no.15(2014:April 21)</subfield>
  </datafield>
  <datafield tag="955" ind1=" " ind2=" ">
    <subfield code="b">BENT</subfield>
    <subfield code="p">3121493-6020</subfield>
    <subfield code="z">v.30:no.17(2014:April 28)</subfield>
  </datafield>
  <datafield tag="955" ind1=" " ind2=" ">
    <subfield code="b">BENT</subfield>
    <subfield code="p">3121493-6040</subfield>
    <subfield code="z">v.30:no.18(2014:May 05)</subfield>
  </datafield>
  <datafield tag="955" ind1=" " ind2=" ">
    <subfield code="b">BENT</subfield>
    <subfield code="p">3121493-6390</subfield>
    <subfield code="z">v.30:no.19(2014:May 12)</subfield>
  </datafield>
  <datafield tag="955" ind1=" " ind2=" ">
    <subfield code="b">BENT</subfield>
    <subfield code="p">3121493-6400</subfield>
    <subfield code="z">v.30:no.20(2014:May 19)</subfield>
  </datafield>
  <datafield tag="955" ind1=" " ind2=" ">
    <subfield code="b">BENT</subfield>
    <subfield code="p">3121493-6410</subfield>
    <subfield code="z">v.30:no.21(2014:May 26)</subfield>
  </datafield>
  <datafield tag="955" ind1=" " ind2=" ">
    <subfield code="b">BENT</subfield>
    <subfield code="p">3121493-6420</subfield>
    <subfield code="z">v.30:no.22(2014:Jun. 02)</subfield>
  </datafield>
  <datafield tag="955" ind1=" " ind2=" ">
    <subfield code="b">BENT</subfield>
    <subfield code="p">3121493-6430</subfield>
    <subfield code="z">v.30:no.23(2014:Jun. 09)</subfield>
  </datafield>
  <datafield tag="955" ind1=" " ind2=" ">
    <subfield code="b">BENT</subfield>
    <subfield code="p">3121493-6440</subfield>
    <subfield code="z">v.30:no.24(2014:Jun. 16)</subfield>
  </datafield>
  <datafield tag="955" ind1=" " ind2=" ">
    <subfield code="b">BENT</subfield>
    <subfield code="p">3121493-6450</subfield>
    <subfield code="z">v.30:no.25(2014:Jun. 23)</subfield>
  </datafield>
  <datafield tag="955" ind1=" " ind2=" ">
    <subfield code="b">BENT</subfield>
    <subfield code="p">3121493-6460</subfield>
    <subfield code="z">v.30:no.26(2014:Jun. 30)</subfield>
  </datafield>
  <datafield tag="955" ind1=" " ind2=" ">
    <subfield code="b">BENT</subfield>
    <subfield code="p">3121493-6470</subfield>
    <subfield code="z">v.30:no.27(2014:Jul. 07)</subfield>
  </datafield>
  <datafield tag="955" ind1=" " ind2=" ">
    <subfield code="b">BENT</subfield>
    <subfield code="p">3121493-6480</subfield>
    <subfield code="z">v.30:no.28(2014:Jul. 14)</subfield>
  </datafield>
  <datafield tag="955" ind1=" " ind2=" ">
    <subfield code="b">BENT</subfield>
    <subfield code="p">3121493-6490</subfield>
    <subfield code="z">v.30:no.29(2014:Jul. 21)</subfield>
  </datafield>
  <datafield tag="955" ind1=" " ind2=" ">
    <subfield code="b">BENT</subfield>
    <subfield code="p">3121493-6500</subfield>
    <subfield code="z">v.30:no.30(2014:Jul. 28)</subfield>
  </datafield>
  <datafield tag="955" ind1=" " ind2=" ">
    <subfield code="b">BENT</subfield>
    <subfield code="p">3121493-6510</subfield>
    <subfield code="z">v.30:no.31(2014:Aug. 04)</subfield>
  </datafield>
  <datafield tag="955" ind1=" " ind2=" ">
    <subfield code="b">BENT</subfield>
    <subfield code="p">3121493-6520</subfield>
    <subfield code="z">v.30:no.32(2014:Aug. 11)</subfield>
  </datafield>
  <datafield tag="955" ind1=" " ind2=" ">
    <subfield code="b">BENT</subfield>
    <subfield code="p">3121493-6530</subfield>
    <subfield code="z">v.30:no.33(2014:Aug. 18)</subfield>
  </datafield>
  <datafield tag="955" ind1=" " ind2=" ">
    <subfield code="b">BENT</subfield>
    <subfield code="p">3121493-6540</subfield>
    <subfield code="z">v.30:no.34(2014:Aug. 25)</subfield>
  </datafield>
  <datafield tag="955" ind1=" " ind2=" ">
    <subfield code="b">BENT</subfield>
    <subfield code="p">3121493-6550</subfield>
    <subfield code="z">v.30:no.35(2014:Sep. 01)</subfield>
  </datafield>
  <datafield tag="955" ind1=" " ind2=" ">
    <subfield code="b">BENT</subfield>
    <subfield code="p">3121493-6560</subfield>
    <subfield code="z">v.30:no.36(2014:Sep. 08)</subfield>
  </datafield>
  <datafield tag="955" ind1=" " ind2=" ">
    <subfield code="b">BENT</subfield>
    <subfield code="p">3121493-6570</subfield>
    <subfield code="z">v.30:no.37(2014:Sep. 15)</subfield>
  </datafield>
  <datafield tag="955" ind1=" " ind2=" ">
    <subfield code="b">BENT</subfield>
    <subfield code="p">3121493-6580</subfield>
    <subfield code="z">v.30:no.38(2014:Sep. 22)</subfield>
  </datafield>
  <datafield tag="955" ind1=" " ind2=" ">
    <subfield code="b">BENT</subfield>
    <subfield code="p">3121493-6590</subfield>
    <subfield code="z">v.30:no.39(2014:Sep. 29)</subfield>
  </datafield>
  <datafield tag="955" ind1=" " ind2=" ">
    <subfield code="b">BENT</subfield>
    <subfield code="p">3121493-6600</subfield>
    <subfield code="z">v.30:no.40(2014:Oct. 06)</subfield>
  </datafield>
  <datafield tag="955" ind1=" " ind2=" ">
    <subfield code="b">BENT</subfield>
    <subfield code="p">3121493-6610</subfield>
    <subfield code="z">v.30:no.41(2014:Oct. 13)</subfield>
  </datafield>
  <datafield tag="955" ind1=" " ind2=" ">
    <subfield code="b">BENT</subfield>
    <subfield code="p">3121493-6620</subfield>
    <subfield code="z">v.30:no.42(2014:Oct. 20)</subfield>
  </datafield>
  <datafield tag="955" ind1=" " ind2=" ">
    <subfield code="b">BENT</subfield>
    <subfield code="p">3121493-6630</subfield>
    <subfield code="z">v.30:no.43(2014:Oct. 27)</subfield>
  </datafield>
  <datafield tag="955" ind1=" " ind2=" ">
    <subfield code="b">BENT</subfield>
    <subfield code="p">3121493-6640</subfield>
    <subfield code="z">v.30:no.44(2014:Nov. 03)</subfield>
  </datafield>
  <datafield tag="955" ind1=" " ind2=" ">
    <subfield code="b">BENT</subfield>
    <subfield code="p">3121493-6650</subfield>
    <subfield code="z">v.30:no.45(2014:Nov. 10)</subfield>
  </datafield>
  <datafield tag="955" ind1=" " ind2=" ">
    <subfield code="b">BENT</subfield>
    <subfield code="p">3121493-6660</subfield>
    <subfield code="z">v.30:no.46(2014:Nov. 17)</subfield>
  </datafield>
  <datafield tag="955" ind1=" " ind2=" ">
    <subfield code="b">BENT</subfield>
    <subfield code="p">3121493-6670</subfield>
    <subfield code="z">v.30:no.47(2014:Nov. 24)</subfield>
  </datafield>
  <datafield tag="955" ind1=" " ind2=" ">
    <subfield code="b">BENT</subfield>
    <subfield code="p">3121493-6680</subfield>
    <subfield code="z">v.30:no.48(2014:Dec. 01)</subfield>
  </datafield>
  <datafield tag="955" ind1=" " ind2=" ">
    <subfield code="b">BENT</subfield>
    <subfield code="p">3121493-6690</subfield>
    <subfield code="z">v.30:no.49(2014:Dec. 08)</subfield>
  </datafield>
  <datafield tag="955" ind1=" " ind2=" ">
    <subfield code="b">BENT</subfield>
    <subfield code="p">3121493-6700</subfield>
    <subfield code="z">v.30:no.50(2014:Dec. 15)</subfield>
  </datafield>
  <datafield tag="955" ind1=" " ind2=" ">
    <subfield code="b">BENT</subfield>
    <subfield code="p">3121493-6710</subfield>
    <subfield code="z">v.30:no.51(2014:Dec. 22)</subfield>
  </datafield>
  <datafield tag="955" ind1=" " ind2=" ">
    <subfield code="b">BENT</subfield>
    <subfield code="p">3121493-6720</subfield>
    <subfield code="z">v.30:no.52(2014:Dec. 29)</subfield>
  </datafield>
  <datafield tag="955" ind1=" " ind2=" ">
    <subfield code="b">BENT</subfield>
    <subfield code="p">3121493-6730</subfield>
    <subfield code="z">v.31:no.1(2015:Jan. 05)</subfield>
  </datafield>
  <datafield tag="955" ind1=" " ind2=" ">
    <subfield code="b">BENT</subfield>
    <subfield code="p">3121493-6740</subfield>
    <subfield code="z">v.31:no.2(2015:Jan. 12)</subfield>
  </datafield>
  <datafield tag="955" ind1=" " ind2=" ">
    <subfield code="b">BENT</subfield>
    <subfield code="p">3121493-6750</subfield>
    <subfield code="z">v.31:no.3(2015:Jan. 19)</subfield>
  </datafield>
  <datafield tag="955" ind1=" " ind2=" ">
    <subfield code="b">BENT</subfield>
    <subfield code="p">3121493-6760</subfield>
    <subfield code="z">v.31:no.4(2015:Jan. 26)</subfield>
  </datafield>
  <datafield tag="955" ind1=" " ind2=" ">
    <subfield code="b">BENT</subfield>
    <subfield code="p">3121493-6770</subfield>
    <subfield code="z">v.31:no.5(2015:Feb. 02)</subfield>
  </datafield>
  <datafield tag="955" ind1=" " ind2=" ">
    <subfield code="b">BENT</subfield>
    <subfield code="p">3121493-6780</subfield>
    <subfield code="z">v.31:no.6(2015:Feb. 09)</subfield>
  </datafield>
  <datafield tag="955" ind1=" " ind2=" ">
    <subfield code="b">BENT</subfield>
    <subfield code="p">3121493-6790</subfield>
    <subfield code="z">v.31:no.7(2015:Feb. 16)</subfield>
  </datafield>
  <datafield tag="955" ind1=" " ind2=" ">
    <subfield code="b">BENT</subfield>
    <subfield code="p">3121493-6800</subfield>
    <subfield code="z">v.31:no.8(2015:Feb. 23)</subfield>
  </datafield>
  <datafield tag="955" ind1=" " ind2=" ">
    <subfield code="b">BENT</subfield>
    <subfield code="p">3121493-6810</subfield>
    <subfield code="z">v.31:no.9(2015:Mar. 02)</subfield>
  </datafield>
  <datafield tag="955" ind1=" " ind2=" ">
    <subfield code="b">BENT</subfield>
    <subfield code="p">3121493-6820</subfield>
    <subfield code="z">v.31:no.10(2015:Mar. 09)</subfield>
  </datafield>
  <datafield tag="955" ind1=" " ind2=" ">
    <subfield code="b">BENT</subfield>
    <subfield code="p">3121493-6830</subfield>
    <subfield code="z">v.31:no.11(2015:Mar. 16)</subfield>
  </datafield>
  <datafield tag="955" ind1=" " ind2=" ">
    <subfield code="b">BENT</subfield>
    <subfield code="p">3121493-6840</subfield>
    <subfield code="z">v.31:no.12(2015:Mar. 23)</subfield>
  </datafield>
  <datafield tag="955" ind1=" " ind2=" ">
    <subfield code="b">BENT</subfield>
    <subfield code="p">3121493-6850</subfield>
    <subfield code="z">v.31:no.13(2015:Mar. 30)</subfield>
  </datafield>
  <datafield tag="955" ind1=" " ind2=" ">
    <subfield code="b">BENT</subfield>
    <subfield code="p">3121493-6860</subfield>
    <subfield code="z">v.31:no.14(2015:April 06)</subfield>
  </datafield>
  <datafield tag="955" ind1=" " ind2=" ">
    <subfield code="b">BENT</subfield>
    <subfield code="p">3121493-6870</subfield>
    <subfield code="z">v.31:no.15(2015:April 13)</subfield>
  </datafield>
  <datafield tag="955" ind1=" " ind2=" ">
    <subfield code="b">BENT</subfield>
    <subfield code="p">3121493-6880</subfield>
    <subfield code="z">v.31:no.16(2015:April 20)</subfield>
  </datafield>
  <datafield tag="955" ind1=" " ind2=" ">
    <subfield code="b">BENT</subfield>
    <subfield code="p">3121493-6890</subfield>
    <subfield code="z">v.31:no.17(2015:April 27)</subfield>
  </datafield>
  <datafield tag="955" ind1=" " ind2=" ">
    <subfield code="b">BENT</subfield>
    <subfield code="p">3121493-6900</subfield>
    <subfield code="z">v.31:no.18(2015:May 04)</subfield>
  </datafield>
  <datafield tag="955" ind1=" " ind2=" ">
    <subfield code="b">BENT</subfield>
    <subfield code="p">3121493-6920</subfield>
    <subfield code="z">v.31:no.19(2015:May 11)</subfield>
  </datafield>
  <datafield tag="955" ind1=" " ind2=" ">
    <subfield code="b">BENT</subfield>
    <subfield code="p">3121493-6930</subfield>
    <subfield code="z">v.31:no.20(2015:May 18)</subfield>
  </datafield>
  <datafield tag="955" ind1=" " ind2=" ">
    <subfield code="b">BENT</subfield>
    <subfield code="p">3121493-6940</subfield>
    <subfield code="z">v.31:no.21(2015:May 25)</subfield>
  </datafield>
  <datafield tag="955" ind1=" " ind2=" ">
    <subfield code="b">BENT</subfield>
    <subfield code="p">3121493-6950</subfield>
    <subfield code="z">v.31:no.22(2015:Jun. 01)</subfield>
  </datafield>
  <datafield tag="955" ind1=" " ind2=" ">
    <subfield code="b">BENT</subfield>
    <subfield code="p">3121493-6960</subfield>
    <subfield code="z">v.31:no.23(2015:Jun. 08)</subfield>
  </datafield>
  <datafield tag="955" ind1=" " ind2=" ">
    <subfield code="b">BENT</subfield>
    <subfield code="p">3121493-6970</subfield>
    <subfield code="z">v.31:no.24(2015:Jun. 15)</subfield>
  </datafield>
  <datafield tag="955" ind1=" " ind2=" ">
    <subfield code="b">BENT</subfield>
    <subfield code="p">3121493-6980</subfield>
    <subfield code="z">v.31:no.25(2015:Jun. 22)</subfield>
  </datafield>
  <datafield tag="955" ind1=" " ind2=" ">
    <subfield code="b">BENT</subfield>
    <subfield code="p">3121493-6990</subfield>
    <subfield code="z">v.31:no.26(2015:Jun. 29)</subfield>
  </datafield>
  <datafield tag="955" ind1=" " ind2=" ">
    <subfield code="b">BENT</subfield>
    <subfield code="p">3121493-70</subfield>
    <subfield code="z">v.20:no.6(2004:Feb. 09)</subfield>
  </datafield>
  <datafield tag="955" ind1=" " ind2=" ">
    <subfield code="b">BENT</subfield>
    <subfield code="p">3121493-7000</subfield>
    <subfield code="z">v.31:no.27(2015:Jul. 06)</subfield>
  </datafield>
  <datafield tag="955" ind1=" " ind2=" ">
    <subfield code="b">BENT</subfield>
    <subfield code="p">3121493-7010</subfield>
    <subfield code="z">v.31:no.28(2015:Jul. 13)</subfield>
  </datafield>
  <datafield tag="955" ind1=" " ind2=" ">
    <subfield code="b">BENT</subfield>
    <subfield code="p">3121493-7020</subfield>
    <subfield code="z">v.31:no.29(2015:Jul. 20)</subfield>
  </datafield>
  <datafield tag="955" ind1=" " ind2=" ">
    <subfield code="b">BENT</subfield>
    <subfield code="p">3121493-7030</subfield>
    <subfield code="z">v.31:no.30(2015:Jul. 27)</subfield>
  </datafield>
  <datafield tag="955" ind1=" " ind2=" ">
    <subfield code="b">BENT</subfield>
    <subfield code="p">3121493-7040</subfield>
    <subfield code="z">v.31:no.31(2015:Aug. 03)</subfield>
  </datafield>
  <datafield tag="955" ind1=" " ind2=" ">
    <subfield code="b">BENT</subfield>
    <subfield code="p">3121493-7050</subfield>
    <subfield code="z">v.31:no.32(2015:Aug. 10)</subfield>
  </datafield>
  <datafield tag="955" ind1=" " ind2=" ">
    <subfield code="b">BENT</subfield>
    <subfield code="p">3121493-7060</subfield>
    <subfield code="z">v.31:no.33(2015:Aug. 17)</subfield>
  </datafield>
  <datafield tag="955" ind1=" " ind2=" ">
    <subfield code="b">BENT</subfield>
    <subfield code="p">3121493-7070</subfield>
    <subfield code="z">v.31:no.34(2015:Aug. 24)</subfield>
  </datafield>
  <datafield tag="955" ind1=" " ind2=" ">
    <subfield code="b">BENT</subfield>
    <subfield code="p">3121493-7080</subfield>
    <subfield code="z">v.31:no.35(2015:Aug. 31)</subfield>
  </datafield>
  <datafield tag="955" ind1=" " ind2=" ">
    <subfield code="b">BENT</subfield>
    <subfield code="p">3121493-7090</subfield>
    <subfield code="z">v.31:no.36(2015:Sep. 07)</subfield>
  </datafield>
  <datafield tag="955" ind1=" " ind2=" ">
    <subfield code="b">BENT</subfield>
    <subfield code="p">3121493-7100</subfield>
    <subfield code="z">v.31:no.37(2015:Sep. 14)</subfield>
  </datafield>
  <datafield tag="955" ind1=" " ind2=" ">
    <subfield code="b">BENT</subfield>
    <subfield code="p">3121493-7110</subfield>
    <subfield code="z">v.31:no.38(2015:Sep. 21)</subfield>
  </datafield>
  <datafield tag="955" ind1=" " ind2=" ">
    <subfield code="b">BENT</subfield>
    <subfield code="p">3121493-7120</subfield>
    <subfield code="z">v.31:no.21(2015:Sep. 28)</subfield>
  </datafield>
  <datafield tag="955" ind1=" " ind2=" ">
    <subfield code="b">BENT</subfield>
    <subfield code="p">3121493-7130</subfield>
    <subfield code="z">v.31:no.40(2015:Oct. 05)</subfield>
  </datafield>
  <datafield tag="955" ind1=" " ind2=" ">
    <subfield code="b">BENT</subfield>
    <subfield code="p">3121493-7140</subfield>
    <subfield code="z">v.31:no.41(2015:Oct. 12)</subfield>
  </datafield>
  <datafield tag="955" ind1=" " ind2=" ">
    <subfield code="b">BENT</subfield>
    <subfield code="p">3121493-7150</subfield>
    <subfield code="z">v.31:no.42(2015:Oct. 19)</subfield>
  </datafield>
  <datafield tag="955" ind1=" " ind2=" ">
    <subfield code="b">BENT</subfield>
    <subfield code="p">3121493-7160</subfield>
    <subfield code="z">v.31:no.43(2015:Oct. 26)</subfield>
  </datafield>
  <datafield tag="955" ind1=" " ind2=" ">
    <subfield code="b">BENT</subfield>
    <subfield code="p">3121493-7170</subfield>
    <subfield code="z">v.31:no.44(2015:Nov. 02)</subfield>
  </datafield>
  <datafield tag="955" ind1=" " ind2=" ">
    <subfield code="b">BENT</subfield>
    <subfield code="p">3121493-7180</subfield>
    <subfield code="z">v.31:no.45(2015:Nov. 09)</subfield>
  </datafield>
  <datafield tag="955" ind1=" " ind2=" ">
    <subfield code="b">BENT</subfield>
    <subfield code="p">3121493-7190</subfield>
    <subfield code="z">v.31:no.46(2015:Nov. 16)</subfield>
  </datafield>
  <datafield tag="955" ind1=" " ind2=" ">
    <subfield code="b">BENT</subfield>
    <subfield code="p">3121493-7200</subfield>
    <subfield code="z">v.31:no.48(2015:Nov. 23)</subfield>
  </datafield>
  <datafield tag="955" ind1=" " ind2=" ">
    <subfield code="b">BENT</subfield>
    <subfield code="p">3121493-7210</subfield>
    <subfield code="z">v.31:no.49(2015:Nov. 30)</subfield>
  </datafield>
  <datafield tag="955" ind1=" " ind2=" ">
    <subfield code="b">BENT</subfield>
    <subfield code="p">3121493-7220</subfield>
    <subfield code="z">v.31:no.50(2015:Dec. 07)</subfield>
  </datafield>
  <datafield tag="955" ind1=" " ind2=" ">
    <subfield code="b">BENT</subfield>
    <subfield code="p">3121493-7230</subfield>
    <subfield code="z">v.31:no.32(2015:Dec. 14)</subfield>
  </datafield>
  <datafield tag="955" ind1=" " ind2=" ">
    <subfield code="b">BENT</subfield>
    <subfield code="p">3121493-7240</subfield>
    <subfield code="z">v.31:no.33(2015:Dec. 21)</subfield>
  </datafield>
  <datafield tag="955" ind1=" " ind2=" ">
    <subfield code="b">BENT</subfield>
    <subfield code="p">3121493-7250</subfield>
    <subfield code="z">v.31:no.34(2015:Dec. 28)</subfield>
  </datafield>
  <datafield tag="955" ind1=" " ind2=" ">
    <subfield code="b">BENT</subfield>
    <subfield code="p">3121493-7260</subfield>
    <subfield code="z">v.32:no.1(2016:Jan. 04)</subfield>
  </datafield>
  <datafield tag="955" ind1=" " ind2=" ">
    <subfield code="b">BENT</subfield>
    <subfield code="p">3121493-7270</subfield>
    <subfield code="z">v.32:no.2(2016:Jan. 11)</subfield>
  </datafield>
  <datafield tag="955" ind1=" " ind2=" ">
    <subfield code="b">BENT</subfield>
    <subfield code="p">3121493-7280</subfield>
    <subfield code="z">v.32:no.3(2016:Jan. 18)</subfield>
  </datafield>
  <datafield tag="955" ind1=" " ind2=" ">
    <subfield code="b">BENT</subfield>
    <subfield code="p">3121493-7290</subfield>
    <subfield code="z">v.32:no.4(2016:Jan. 25)</subfield>
  </datafield>
  <datafield tag="955" ind1=" " ind2=" ">
    <subfield code="b">BENT</subfield>
    <subfield code="p">3121493-7300</subfield>
    <subfield code="z">v.32:no.5(2016:Feb. 01)</subfield>
  </datafield>
  <datafield tag="955" ind1=" " ind2=" ">
    <subfield code="b">BENT</subfield>
    <subfield code="p">3121493-7310</subfield>
    <subfield code="z">v.32:no.6(2016:Feb. 08)</subfield>
  </datafield>
  <datafield tag="955" ind1=" " ind2=" ">
    <subfield code="b">BENT</subfield>
    <subfield code="p">3121493-7320</subfield>
    <subfield code="z">v.32:no.7(2016:Feb. 15)</subfield>
  </datafield>
  <datafield tag="955" ind1=" " ind2=" ">
    <subfield code="b">BENT</subfield>
    <subfield code="p">3121493-7330</subfield>
    <subfield code="z">v.32:no.8(2016:Feb. 22)</subfield>
  </datafield>
  <datafield tag="955" ind1=" " ind2=" ">
    <subfield code="b">BENT</subfield>
    <subfield code="p">3121493-7340</subfield>
    <subfield code="z">v.32:no.9(2016:Feb. 29)</subfield>
  </datafield>
  <datafield tag="955" ind1=" " ind2=" ">
    <subfield code="b">BENT</subfield>
    <subfield code="p">3121493-7350</subfield>
    <subfield code="z">v.32:no.10(2016:Mar. 07)</subfield>
  </datafield>
  <datafield tag="955" ind1=" " ind2=" ">
    <subfield code="b">BENT</subfield>
    <subfield code="p">3121493-7360</subfield>
    <subfield code="z">v.32:no.11(2016:Mar. 14)</subfield>
  </datafield>
  <datafield tag="955" ind1=" " ind2=" ">
    <subfield code="b">BENT</subfield>
    <subfield code="p">3121493-7370</subfield>
    <subfield code="z">v.32:no.12(2016:Mar. 21)</subfield>
  </datafield>
  <datafield tag="955" ind1=" " ind2=" ">
    <subfield code="b">BENT</subfield>
    <subfield code="p">3121493-7380</subfield>
    <subfield code="z">v.32:no.14(2016:April. 04)</subfield>
  </datafield>
  <datafield tag="955" ind1=" " ind2=" ">
    <subfield code="b">BENT</subfield>
    <subfield code="p">3121493-7390</subfield>
    <subfield code="z">v.32:no.13(2016:Mar. 28)</subfield>
  </datafield>
  <datafield tag="955" ind1=" " ind2=" ">
    <subfield code="b">BENT</subfield>
    <subfield code="p">3121493-7400</subfield>
    <subfield code="z">v.32:no.15(2016:April 11)</subfield>
  </datafield>
  <datafield tag="955" ind1=" " ind2=" ">
    <subfield code="b">BENT</subfield>
    <subfield code="p">3121493-7410</subfield>
    <subfield code="z">v.32:no.16(2016:April 18)</subfield>
  </datafield>
  <datafield tag="955" ind1=" " ind2=" ">
    <subfield code="b">BENT</subfield>
    <subfield code="p">3121493-7420</subfield>
    <subfield code="z">v.32:no.17(2016:April 25)</subfield>
  </datafield>
  <datafield tag="955" ind1=" " ind2=" ">
    <subfield code="b">BENT</subfield>
    <subfield code="p">3121493-7430</subfield>
    <subfield code="z">v.32:no.18(2016:May 02)</subfield>
  </datafield>
  <datafield tag="955" ind1=" " ind2=" ">
    <subfield code="b">BENT</subfield>
    <subfield code="p">3121493-7730</subfield>
    <subfield code="z">v.32:no.19(2016:May 09)</subfield>
  </datafield>
  <datafield tag="955" ind1=" " ind2=" ">
    <subfield code="b">BENT</subfield>
    <subfield code="p">3121493-7740</subfield>
    <subfield code="z">v.32:no.20(2016:May 16)</subfield>
  </datafield>
  <datafield tag="955" ind1=" " ind2=" ">
    <subfield code="b">BENT</subfield>
    <subfield code="p">3121493-7750</subfield>
    <subfield code="z">v.32:no.21(2016:May 23)</subfield>
  </datafield>
  <datafield tag="955" ind1=" " ind2=" ">
    <subfield code="b">BENT</subfield>
    <subfield code="p">3121493-7760</subfield>
    <subfield code="z">v.32:no.22(2016:May 30)</subfield>
  </datafield>
  <datafield tag="955" ind1=" " ind2=" ">
    <subfield code="b">BENT</subfield>
    <subfield code="p">3121493-7770</subfield>
    <subfield code="z">v.32:no.23(2016:Jun. 06)</subfield>
  </datafield>
  <datafield tag="955" ind1=" " ind2=" ">
    <subfield code="b">BENT</subfield>
    <subfield code="p">3121493-7780</subfield>
    <subfield code="z">v.32:no.24(2016:Jun. 13)</subfield>
  </datafield>
  <datafield tag="955" ind1=" " ind2=" ">
    <subfield code="b">BENT</subfield>
    <subfield code="p">3121493-7790</subfield>
    <subfield code="z">v.32:no.25(2016:Jun. 20)</subfield>
  </datafield>
  <datafield tag="955" ind1=" " ind2=" ">
    <subfield code="b">BENT</subfield>
    <subfield code="p">3121493-7800</subfield>
    <subfield code="z">v.32:no.26(2016:Jun. 27)</subfield>
  </datafield>
  <datafield tag="955" ind1=" " ind2=" ">
    <subfield code="b">BENT</subfield>
    <subfield code="p">3121493-7810</subfield>
    <subfield code="z">v.32:no.27(2016:Jul. 04)</subfield>
  </datafield>
  <datafield tag="955" ind1=" " ind2=" ">
    <subfield code="b">BENT</subfield>
    <subfield code="p">3121493-7820</subfield>
    <subfield code="z">v.32:no.28(2016:Jul. 11)</subfield>
  </datafield>
  <datafield tag="955" ind1=" " ind2=" ">
    <subfield code="b">BENT</subfield>
    <subfield code="p">3121493-7830</subfield>
    <subfield code="z">v.32:no.29(2016:Jul. 18)</subfield>
  </datafield>
  <datafield tag="955" ind1=" " ind2=" ">
    <subfield code="b">BENT</subfield>
    <subfield code="p">3121493-7840</subfield>
    <subfield code="z">v.32:no.30(2016:Jul. 25)</subfield>
  </datafield>
  <datafield tag="955" ind1=" " ind2=" ">
    <subfield code="b">BENT</subfield>
    <subfield code="p">3121493-7850</subfield>
    <subfield code="z">v.32:no.31(2016:Aug. 01)</subfield>
  </datafield>
  <datafield tag="955" ind1=" " ind2=" ">
    <subfield code="b">BENT</subfield>
    <subfield code="p">3121493-7860</subfield>
    <subfield code="z">v.32:no.32(2016:Aug. 08)</subfield>
  </datafield>
  <datafield tag="955" ind1=" " ind2=" ">
    <subfield code="b">BENT</subfield>
    <subfield code="p">3121493-7870</subfield>
    <subfield code="z">v.32:no.33(2016:Aug. 15)</subfield>
  </datafield>
  <datafield tag="955" ind1=" " ind2=" ">
    <subfield code="b">BENT</subfield>
    <subfield code="p">3121493-7880</subfield>
    <subfield code="z">v.32:no.34(2016:Aug. 22)</subfield>
  </datafield>
  <datafield tag="955" ind1=" " ind2=" ">
    <subfield code="b">BENT</subfield>
    <subfield code="p">3121493-7890</subfield>
    <subfield code="z">v.32:no.35(2016:Aug. 29)</subfield>
  </datafield>
  <datafield tag="955" ind1=" " ind2=" ">
    <subfield code="b">BENT</subfield>
    <subfield code="p">3121493-7900</subfield>
    <subfield code="z">v.32:no.36(2016:Sep. 05)</subfield>
  </datafield>
  <datafield tag="955" ind1=" " ind2=" ">
    <subfield code="b">BENT</subfield>
    <subfield code="p">3121493-7910</subfield>
    <subfield code="z">v.32:no.37(2016:Sep. 12)</subfield>
  </datafield>
  <datafield tag="955" ind1=" " ind2=" ">
    <subfield code="b">BENT</subfield>
    <subfield code="p">3121493-7920</subfield>
    <subfield code="z">v.32:no.38(2016:Sep. 19)</subfield>
  </datafield>
  <datafield tag="955" ind1=" " ind2=" ">
    <subfield code="b">BENT</subfield>
    <subfield code="p">3121493-7930</subfield>
    <subfield code="z">v.32:no.39(2016:Sep. 26)</subfield>
  </datafield>
  <datafield tag="955" ind1=" " ind2=" ">
    <subfield code="b">BENT</subfield>
    <subfield code="p">3121493-7940</subfield>
    <subfield code="z">v.32:no.40(2016:Oct. 03)</subfield>
  </datafield>
  <datafield tag="955" ind1=" " ind2=" ">
    <subfield code="b">BENT</subfield>
    <subfield code="p">3121493-7950</subfield>
    <subfield code="z">v.32:no.41(2016:Oct. 10)</subfield>
  </datafield>
  <datafield tag="955" ind1=" " ind2=" ">
    <subfield code="b">BENT</subfield>
    <subfield code="p">3121493-7960</subfield>
    <subfield code="z">v.32:no.42(2016:Oct. 17)</subfield>
  </datafield>
  <datafield tag="955" ind1=" " ind2=" ">
    <subfield code="b">BENT</subfield>
    <subfield code="p">3121493-7970</subfield>
    <subfield code="z">v.32:no.43(2016:Oct. 24)</subfield>
  </datafield>
  <datafield tag="955" ind1=" " ind2=" ">
    <subfield code="b">BENT</subfield>
    <subfield code="p">3121493-7980</subfield>
    <subfield code="z">v.32:no.44(2016:Oct. 31)</subfield>
  </datafield>
  <datafield tag="955" ind1=" " ind2=" ">
    <subfield code="b">BENT</subfield>
    <subfield code="p">3121493-7990</subfield>
    <subfield code="z">v.32:no.45(2016:Nov. 07)</subfield>
  </datafield>
  <datafield tag="955" ind1=" " ind2=" ">
    <subfield code="b">BENT</subfield>
    <subfield code="p">3121493-8000</subfield>
    <subfield code="z">v.32:no.46(2016:Nov. 14)</subfield>
  </datafield>
  <datafield tag="955" ind1=" " ind2=" ">
    <subfield code="b">BENT</subfield>
    <subfield code="p">3121493-8010</subfield>
    <subfield code="z">v.32:no.47(2016:Nov. 21)</subfield>
  </datafield>
  <datafield tag="955" ind1=" " ind2=" ">
    <subfield code="b">BENT</subfield>
    <subfield code="p">3121493-8020</subfield>
    <subfield code="z">v.32:no.48(2016:Nov. 28)</subfield>
  </datafield>
  <datafield tag="955" ind1=" " ind2=" ">
    <subfield code="b">BENT</subfield>
    <subfield code="p">3121493-8030</subfield>
    <subfield code="z">v.32:no.49(2016:Dec. 05)</subfield>
  </datafield>
  <datafield tag="955" ind1=" " ind2=" ">
    <subfield code="b">BENT</subfield>
    <subfield code="p">3121493-8040</subfield>
    <subfield code="z">v.32:no.50(2016:Dec. 12)</subfield>
  </datafield>
  <datafield tag="955" ind1=" " ind2=" ">
    <subfield code="b">BENT</subfield>
    <subfield code="p">3121493-8050</subfield>
    <subfield code="z">v.32:no.51(2016:Dec. 19)</subfield>
  </datafield>
  <datafield tag="955" ind1=" " ind2=" ">
    <subfield code="b">BENT</subfield>
    <subfield code="p">3121493-8060</subfield>
    <subfield code="z">v.32:no.52(2016:Dec. 26)</subfield>
  </datafield>
  <datafield tag="955" ind1=" " ind2=" ">
    <subfield code="b">BENT</subfield>
    <subfield code="p">3121493-8070</subfield>
    <subfield code="z">v.32:no.53(2017:Jan. 02)</subfield>
  </datafield>
  <datafield tag="955" ind1=" " ind2=" ">
    <subfield code="b">BENT</subfield>
    <subfield code="p">3121493-8080</subfield>
    <subfield code="z">v.32:no.54(2017:Jan. 09)</subfield>
  </datafield>
  <datafield tag="955" ind1=" " ind2=" ">
    <subfield code="b">BENT</subfield>
    <subfield code="p">3121493-8090</subfield>
    <subfield code="z">v.32:no.55(2017:Jan. 16)</subfield>
  </datafield>
  <datafield tag="955" ind1=" " ind2=" ">
    <subfield code="b">BENT</subfield>
    <subfield code="p">3121493-8100</subfield>
    <subfield code="z">v.32:no.56(2017:Jan. 23)</subfield>
  </datafield>
  <datafield tag="955" ind1=" " ind2=" ">
    <subfield code="b">BENT</subfield>
    <subfield code="p">3121493-8110</subfield>
    <subfield code="z">v.32:no.57(2017:Jan. 30)</subfield>
  </datafield>
  <datafield tag="955" ind1=" " ind2=" ">
    <subfield code="b">BENT</subfield>
    <subfield code="p">3121493-8120</subfield>
    <subfield code="z">v.32:no.58(2017:Feb. 06)</subfield>
  </datafield>
  <datafield tag="955" ind1=" " ind2=" ">
    <subfield code="b">BENT</subfield>
    <subfield code="p">3121493-8130</subfield>
    <subfield code="z">v.32:no.59(2017:Feb. 13)</subfield>
  </datafield>
  <datafield tag="955" ind1=" " ind2=" ">
    <subfield code="b">BENT</subfield>
    <subfield code="p">3121493-8140</subfield>
    <subfield code="z">v.32:no.60(2017:Feb. 20)</subfield>
  </datafield>
  <datafield tag="955" ind1=" " ind2=" ">
    <subfield code="b">BENT</subfield>
    <subfield code="p">3121493-8150</subfield>
    <subfield code="z">v.32:no.61(2017:Feb. 27)</subfield>
  </datafield>
  <datafield tag="955" ind1=" " ind2=" ">
    <subfield code="b">BENT</subfield>
    <subfield code="p">3121493-8160</subfield>
    <subfield code="z">v.32:no.62(2017:Mar. 06)</subfield>
  </datafield>
  <datafield tag="955" ind1=" " ind2=" ">
    <subfield code="b">BENT</subfield>
    <subfield code="p">3121493-8170</subfield>
    <subfield code="z">v.32:no.63(2017:Mar. 13)</subfield>
  </datafield>
  <datafield tag="955" ind1=" " ind2=" ">
    <subfield code="b">BENT</subfield>
    <subfield code="p">3121493-8180</subfield>
    <subfield code="z">v.32:no.64(2017:Mar. 20)</subfield>
  </datafield>
  <datafield tag="955" ind1=" " ind2=" ">
    <subfield code="b">BENT</subfield>
    <subfield code="p">3121493-8190</subfield>
    <subfield code="z">v.32:no.65(2017:Mar. 27)</subfield>
  </datafield>
  <datafield tag="955" ind1=" " ind2=" ">
    <subfield code="b">BENT</subfield>
    <subfield code="p">3121493-8200</subfield>
    <subfield code="z">v.32:no.66(2017:April 03)</subfield>
  </datafield>
  <datafield tag="955" ind1=" " ind2=" ">
    <subfield code="b">BENT</subfield>
    <subfield code="p">3121493-8210</subfield>
    <subfield code="z">v.32:no.67(2017:April 10)</subfield>
  </datafield>
  <datafield tag="955" ind1=" " ind2=" ">
    <subfield code="b">BENT</subfield>
    <subfield code="p">3121493-8220</subfield>
    <subfield code="z">v.32:no.68(2017:April 17)</subfield>
  </datafield>
  <datafield tag="955" ind1=" " ind2=" ">
    <subfield code="b">BENT</subfield>
    <subfield code="p">3121493-8230</subfield>
    <subfield code="z">v.32:no.69(2017:April 24)</subfield>
  </datafield>
  <datafield tag="955" ind1=" " ind2=" ">
    <subfield code="b">BENT</subfield>
    <subfield code="p">3121493-8240</subfield>
    <subfield code="z">v.32:no.70(2017:May 01)</subfield>
  </datafield>
  <datafield tag="955" ind1=" " ind2=" ">
    <subfield code="b">BENT</subfield>
    <subfield code="p">3121493-870</subfield>
    <subfield code="z">v.21:no.34(2005:Aug. 22)</subfield>
  </datafield>
  <datafield tag="955" ind1=" " ind2=" ">
    <subfield code="b">BENT</subfield>
    <subfield code="p">B1206330</subfield>
  </datafield>
  <datafield tag="955" ind1=" " ind2=" ">
    <subfield code="b">BENT</subfield>
    <subfield code="p">B2464250</subfield>
    <subfield code="z">v.22:no.5A Super Bowl XL Commemorative Issue</subfield>
  </datafield>
  <datafield tag="955" ind1=" " ind2=" ">
    <subfield code="b">BENT</subfield>
    <subfield code="p">B2702386</subfield>
    <subfield code="z">v.22:no.34A(2006:Autumn)</subfield>
  </datafield>
  <datafield tag="955" ind1=" " ind2=" ">
    <subfield code="b">BENT</subfield>
    <subfield code="p">B2809773</subfield>
    <subfield code="z">v.21:no.1(2005:Jan. 03)-v.21:no.33 (2005:Aug.15)</subfield>
  </datafield>
  <datafield tag="955" ind1=" " ind2=" ">
    <subfield code="b">BENT</subfield>
    <subfield code="p">B2809775</subfield>
    <subfield code="z">v.21:no.35(2005:Aug. 29)-v.21:no.52(2005:Dec.26)</subfield>
  </datafield>
  <datafield tag="955" ind1=" " ind2=" ">
    <subfield code="b">BENT</subfield>
    <subfield code="p">B2809777</subfield>
    <subfield code="z">v.20:no.1(2004:Jan. 05)-v.1:no.5(2004:Feb.2)</subfield>
  </datafield>
  <datafield tag="955" ind1=" " ind2=" ">
    <subfield code="b">BENT</subfield>
    <subfield code="p">B2809778</subfield>
    <subfield code="z">v.20:no.7(2004:Feb. 16)-v.20:no.11(2004:Mar.15)</subfield>
  </datafield>
  <datafield tag="955" ind1=" " ind2=" ">
    <subfield code="b">BENT</subfield>
    <subfield code="p">B2809781</subfield>
    <subfield code="z">v.20:no.13(2004:Mar. 29)-v.20:no.52(2004:Dec.27)</subfield>
  </datafield>
  <datafield tag="955" ind1=" " ind2=" ">
    <subfield code="b">BENT</subfield>
    <subfield code="p">B3243909</subfield>
    <subfield code="z">v.24:no.32a(2008:Fall)</subfield>
  </datafield>
  <datafield tag="955" ind1=" " ind2=" ">
    <subfield code="b">BENT</subfield>
    <subfield code="p">B5923994</subfield>
    <subfield code="z">v.28:no.53(2013 ed.)</subfield>
  </datafield>
  <datafield tag="955" ind1=" " ind2=" ">
    <subfield code="b">BENT</subfield>
    <subfield code="p">B6488409</subfield>
    <subfield code="z">v.30:no.16(2014:April 21)</subfield>
  </datafield>
</record>
